3484 5650
741 655 804 704 22
1395 657 1763 713 QUAESTloxsss
1798 654 2325 707 PHILOSTORGIANAE.

742 772 909 847 liani,
955 772 1274 834 Clementis
1309 772 1711 844 Alexandrini,
1755 772 2095 854 Epiphanii,
2138 770 2365 853 Cyrilli,
2412 770 2676 852 Dionysii
2722 772 2985 852 pseudo-

740 870 1125 949 Areopagitae,
1175 870 1346 949 etc.)‚
1395 870 1621 950 passim
1661 870 1941 951 detegere
1992 877 2083 931 est
2122 869 2371 951 vestigia
2412 870 2622 950 scripti
2667 870 2985 931 cuiusdam

743 966 1022 1047 anonymi
1052 967 1264 1028 ariani.
1292 968 1423 1030 llaec
1451 968 1707 1048 (langius
1744 969 1944 1031 denuo
1970 968 2306 1030 observavit
2331 967 2393 1027 in
2418 967 2516 1029 his
2541 986 2675 1046 quae
2700 968 2774 1029 de
2800 969 2989 1028 Leon-

744 1066 827 1127 tio
854 1065 1212 1127 antiocheno
1239 1073 1299 1126 et
1326 1065 1398 1127 de
1427 1067 1659 1128 Meletio
1689 1067 1836 1128 item
1870 1067 2231 1129 antiocheno
2260 1066 2608 1127 referuntur
2635 1065 2707 1126 ab
2743 1072 2987 1127 auctore

744 1165 889 1227 dicti
925 1164 1205 1227 Chronict‘
1237 1165 1561 1243 paschalis.
1608 1166 1899 1228 Henricus
1938 1184 2077 1227 vero
2110 1164 2377 1226 Gwatkin
2411 1165 2473 1225 in
2522 1164 2803 1245 pluribus
2848 1164 2988 1226 aliis

743 1263 892 1324 locis
915 1261 1195 1325 chronici
1204 1262 1507 1341 paschalis
1530 1264 1779 1342 vestigia
1798 1262 2145 1343 recognovit
2168 1261 2440 1323 eiusdem
2464 1262 2777 1341 scriptoris
2796 1262 2986 1323 ariani

745 1360 1051 1441 anonymi.
1084 1359 1410 1422 Videlicet:
1732 1420 1736 1425 .

823 1495 903 1503 —-
923 1458 1010 1519 Ad
1033 1477 1259 1519 annum
1285 1457 1401 1518 557
1431 1480 1446 1517 :
1477 1494 1558 1503 -—
1577 1459 1977 1539 Quaecumque
2005 1459 2079 1520 ab
2106 1465 2351 1520 auctore
2384 1458 2666 1520 Chronici
2688 1456 2991 1536 paschalis

745 1557 1092 1619 reseruntur
1125 1555 1199 1617 de
1219 1556 1542 1617 Constantii
1573 1556 1953 1636 imperatoris
1981 1557 2201 1637 pietate
2231 1563 2290 1617 et
2312 1556 2765 1617 munificentia:
2799 1558 2990 1617 Ἀκού-

748 1677 844 1722 σας
871 1654 1252 1722 Κωνσταὶντιος
1277 1656 1331 1713 ἐν
1360 1664 1435 1739 τῇ
1461 1650 1705 1739 ἀνατολῇ
1735 1680 1793 1715 κ.
1818 1679 1873 1714 τ.
1906 1657 1960 1715 λ.

825 1786 906 1797 -—
928 1751 1016 1813 Ad
1045 1770 1271 1812 annum
1299 1752 1416 1813 550
1446 1772 1564 1813 2—
1583 1753 1812 1815 Leontii
1840 1753 2104 1833 episcopi
2135 1751 2475 1814 antiocheni
2506 1753 2886 1815 encomium:
2920 1754 2993 1812 ‘0

751 1850 1008 1931 μακάριος
1039 1854 1294 1916 Λεόντιος
1326 1874 1382 1909 κ.
1415 1874 1470 1909 τ.
1499 1852 1553 1910 λ.

827 1982 909 1993 -
937 1949 1160 2009 Iterum
1183 1947 1259 2008 ad
1283 1967 1510 2009 annum
1535 1948 1654 2009 550
1679 1970 1693 2007 :
1719 1984 1804 1993 —
1821 1949 2189 2011 Relationem
2210 1950 2472 2013 Nisibeni
2499 1949 2743 2020 obsidii,
2768 1956 2827 2009 et
2846 1947 2991 2009 item

752 2044 945 2107 cladis
983 2064 1165 2125 quam
1199 2064 1412 2125 passus
1441 2052 1532 2107 est
1567 2065 1670 2108 rex
1708 2048 2022 2108 Persarum
2066 2048 2252 2127 Sapor
2288 2067 2543 2129 quaeque
2571 2067 2679 2128 per
2709 2045 2992 2107 virtutem

750 2143 1073 2205 Constantii
1125 2151 1442 2224 procurata
1486 2151 1608 2215 est,
1655 2144 1817 2205 sicut
1856 2163 1965 2224 per
2006 2146 2323 2225 epistolam
2366 2147 2690 2227 quamdam
2727 2143 2992 2223 Volagesi

751 2240 1017 2302 Nisibeni
1043 2240 1308 2321 episcopi
1329 2248 1539 2304 auctor
1565 2242 1868 2323 accepisse
1892 2243 2206 2321 profitetur
2236 2264 2251 2306 :
2286 2245 2539 2325 Σάπωρις
2566 2244 2623 2303 δὲ
2657 2249 2685 2303 δ
2715 2254 2826 2303 τῶν
2854 2244 2993 2322 Περ-

752 2350 863 2400 σῶν
898 2338 1146 2417 βασιλιὺς
1173 2363 1228 2399 κ.
1266 2365 1321 2400 τ.
1346 2342 1400 2399 λ.

829 2472 910 2482 -
942 2437 1164 2498 lterum
1193 2437 1266 2499 ad
1296 2456 1520 2499 annum
1551 2436 1668 2499 550
1695 2458 1814 2497 :—-
1837 2438 2141 2509 Quomodo
2170 2440 2549 2501 Constantius
2577 2438 2996 2501 Vetranionem

749 2533 1074 2596 honorifice
1106 2535 1394 2614 relegavit
1431 2542 1491 2596 et
1519 2536 1920 2615 Magnentium
1954 2537 2310 2617 profligavit,
2349 2537 2432 2599 ita
2469 2539 2523 2597 ἐν
2552 2542 2688 2598 πᾶσι
2719 2529 2791 2615 ἦν
2820 2542 2849 2595 δ
2881 2540 2998 2602 θεὸς

752 2630 893 2709 μετὰ
921 2635 1307 2693 Κωνσταντίου
1339 2632 1535 2693 εὖοὸῶν
1565 2632 1734 2693 αὑτοῦ
1762 2632 1868 2713 τὴν
1901 2636 2214 2715 βασιλείαν;
2252 2634 2469 2715 incipit
2487 2638 2869 2696 Κωνσταντίου
2899 2657 2996 2693 του

751 2728 1051 2812 αὖγούστου
1084 2754 1140 2791 κ.
1159 2755 1215 2790 τ.
1247 2732 1300 2790 λ.
2956 2728 2963 2736 ’

828 2865 909 2874 -
943 2828 1030 2889 Ad
1075 2849 1298 2890 annum
1354 2829 1463 2890 551
1529 2851 1544 2888 ι
1608 2865 1688 2875 -—
1724 2829 2027 2902 Quomodo
2079 2831 2505 2912 hierosolymis
2551 2850 2699 2893 crux
2736 2830 2860 2892 visa
2909 2835 3001 2891 est

753 2944 825 2987 eo
858 2932 1126 3006 tempore
1155 2945 1276 3006 quo
1300 2927 1680 2988 Constantius
1713 2947 1854 2989 cum
1891 2930 2225 3008 Magnentio
2271 2949 2487 2991 manus
2520 2933 2883 2998 consereret,
2915 2927 2998 2988 ita

755 3025 870 3086 Deo
896 3023 1208 3085 victoriam
1239 3023 1586 3103 imperatori
1627 3027 2066 3105 praenuntiante
2103 3048 2116 3085 ε
2159 3029 2241 3087 Τὸ
2272 3028 2328 3086 δὲ
2358 3036 2589 3106 σημεῖον
2618 3037 2715 3086 τοῦ
2767 3035 3000 3106 σταυροῦ

753 3147 807 3181 κ.
833 3146 888 3181 τ.
915 3123 969 3182 λ.

833 3255 914 3264 -
943 3221 1166 3282 Iterum
1190 3220 1264 3282 ad
1295 3239 1516 3281 annum
1549 3219 1660 3280 551
1690 3241 1703 3280 :
1730 3255 1811 3266 —
1838 3222 2141 3292 Quomodo
2162 3221 2537 3284 Constantius
2561 3220 2791 3282 Gallum
2816 3221 3003 3284 Caesa-

758 3335 888 3377 rem
921 3318 1144 3380 creavit
1171 3325 1230 3379 et
1261 3318 1546 3380 adversus
1580 3318 1787 3379 Persas
1825 3319 2201 3382 Antiochiam
2235 3319 2403 3380 misit
2435 3340 2449 3378 :
2486 3319 2864 3386 Κωνστάντιος
2906 3319 3005 3376 αὔ·-

760 3439 987 3494 γουστος
1017 3419 1178 3495 μόνος
1207 3441 1263 3477 κ.
1291 3441 1344 3476 τ.
1382 3418 1437 3477 λ.

839 3546 921 3558 -
946 3513 1035 3574 Ad
1067 3532 1293 3575 annum
1332 3513 1487 3576 554:
1523 3548 1605 3560 —
1632 3514 1939 3585 Quomodo
1971 3515 2339 3594 Magnentius
2372 3514 2489 3577 sibi
2519 3533 2729 3576 necem
2757 3512 2997 3574 intulit:

763 3609 1096 3689 Μαγνὲντιος
1121 3611 1286 3671 πάλιν
1321 3610 1614 3690 συμὸαλὼν
1643 3636 1698 3672 κ.
1738 3637 1792 3672 τ.
1822 3613 1875 3673 λ.

840 3741 923 3754 -
961 3707 1047 3769 Ad
1083 3725 1306 3769 anuum
1333 3708 1452 3770 555
1490 3730 1503 3768 :
1540 3744 1623 3757 —
1662 3709 1970 3778 Quomodo
2011 3711 2209 3773 Gallus
2237 3713 2450 3782 Caesar,
2484 3712 2545 3770 ἐκ
2582 3709 2839 3789 ὃιαὸολῆς
2871 3727 3007 3790 pes-

763 3805 930 3867 simae
961 3813 1020 3867 et
1048 3805 1217 3885 quasi
1249 3806 1434 3868 invito
1458 3806 1822 3879 Constantio,
1856 3809 2127 3870 sublatus
2144 3815 2265 3878 est;
2303 3808 2399 3870 cui
2426 3808 2691 3870 Iulianus
2710 3807 3003 3884 ‚suffectus

767 3909 887 3963 est:
920 3904 1127 3971 Γάλλος
1155 3908 1183 3962 ὃ
1207 3903 1298 3962 καὶ
1329 3903 1706 3971 Κωνστοὶντιος
1734 3927 1791 3963 κ.
1822 3929 1877 3965 τ.
1904 3907 1957 3966 λ.

841 4033 924 4046 -
953 4000 1040 4060 Ad
1082 4019 1302 4061 aunum
1339 4001 1458 4061 560
1499 4022 1512 4060 :
1559 4034 1641 4047 -
1673 4001 1979 4071 Quomodo
2014 4002 2316 4063 Eudoxius
2350 4001 3007 4080 constantinopolitanae

766 4097 1032 4160 ecclesiae
1075 4097 1419 4177 praeficitur,
1466 4098 1642 4179 pulso
1685 4099 2051 4172 Macedonio,
2097 4100 2171 4161 ab
2217 4099 2435 4160 arianae
2477 4099 2664 4178 partis
2711 4096 3007 4178 episcopis

763 4195 825 4257 in
870 4196 1165 4276 synodum
1215 4196 1621 4277 congregatim
1672 4203 1732 4257 et
1769 4197 2067 4277 quomodo
2110 4204 2245 4278 post
2284 4196 2579 4279 synodum
2622 4196 2698 4257 ab
2744 4195 3007 4258 Eudoxio

768 4293 1066 4356 celebrata
1097 4301 1239 4355 sunt
1271 4293 1535 4356 encaenia
1568 4312 1804 4373 magnae
1832 4295 2102 4358 ecclesiae
2139 4295 2794 4375 constantinopolitanae
2826 4312 3008 4375 quam

766 4391 1144 4453 Constantius
1185 4391 1749 4453 munificentissime
1785 4393 2117 4472 perfecerat
2152 4415 2165 4453 :
2207 4395 2538 4462 Μακεδόνιος
2582 4394 2843 4460 Κπόλεως
2894 4393 3010 4451 ἐπί-

767 4511 966 4557 σκοπος
991 4493 1268 4574 καθῄρεθη
1297 4514 1353 4549 κ.
1387 4514 1438 4549 τ.
1466 4492 1518 4549 λ.

3464 606 3475 771 .—.—..-
3466 572 3473 587 a

3456 1098 3477 1189 *lh*
3470 978 3474 1033 .—
