3484 5650
749 648 816 699 54
1406 644 1777 705 QUAESTIONES
1814 610 2371 699 runos-ronanam

752 765 921 827 fredo
947 786 972 825 »
998 786 1014 835 ;
1043 764 1326 844 idemque
1354 762 1746 840 doctissimus
1764 762 2058 824 Letronne
2080 762 2401 843 descripsit
2420 762 2649 825 scholia
2667 782 2702 823 a
2720 762 2993 824 Samuele

747 864 1004 926 Bochart
1029 860 1349 942 exemplari
1382 879 1493 922 suo
1519 858 1837 940 genevensi
1871 860 2173 941 adscripta
2204 881 2231 921 «
2263 860 2620 941 Philostorg.
2652 860 2749 922 ed.
2776 861 2995 923 Gotho-

747 960 900 1022 fred.
940 978 1078 1021 cum
1108 958 1267 1021 notis
1285 978 1432 1019 mss.
1459 957 1771 1020 Bocharti¹
1808 978 1867 1021 n.

830 1057 921 1140 Ψ]
953 1059 1210 1119 Venetus
1249 1055 1634 1117 bibliothecae
1662 1055 1970 1116 Marcianae
2006 1055 2277 1137 signatus
2318 1056 2476 1117 inter
2514 1055 2754 1117 codices
2789 1058 2994 1119 Bessa-

746 1156 986 1217 rioneos
1014 1173 1264 1216 numero
1294 1153 1436 1225 557,
1463 1152 1959 1215 membranaceus
1983 1153 2187 1215 saeculi
2216 1154 2327 1225 XV,
2363 1154 2469 1215 fol.
2497 1136 2783 1214 555-570.
2822 1156 2989 1216 Hunc

747 1253 976 1317 contuli
1004 1254 1202 1314 Romae
1234 1270 1442 1311 mense
1466 1249 1773 1311 decembri
1808 1250 1983 1311 1887.

830 1349 922 1433 V’]
949 1350 1263 1413 Bernensis
1307 1349 1576 1429 signatus
1613 1367 1866 1410 numero
1915 1348 2015 1420 54,
2068 1348 2212 1410 olim
2262 1348 2592 1429 Bongarsii,
2641 1349 2993 1411 chartaceus

741 1448 947 1510 saeculi
1020 1448 1166 1517 XVI,
1231 1445 1334 1508 fol.
1401 1445 1569 1506 1-55.
1653 1446 1824 1507 Hunc
1880 1445 2109 1508 contuli
2164 1447 2363 1507 Romae
2422 1465 2632 1508 mense
2684 1447 2989 1509 februario

823 1642 912 1725 V³]
957 1641 1348 1705 Londinensis
1392 1640 1603 1702 musaei
1641 1639 1990 1711 Britannici,
2042 1640 2315 1721 signatus
2364 1642 2523 1704 inter
2566 1641 2804 1703 codices
2844 1644 2993 1703 Har-

740 1741 966 1803 leianos
1011 1758 1260 1801 numero
1293 1738 1473 1809 5116,
1507 1739 1859 1799 chartaceus
1891 1739 2095 1801 saeculi
2124 1740 2261 1811 XVI,
2306 1739 2411 1800 fol.
2446 1737 2612 1800 1-42.
2650 1741 2820 1801 Hunc
2847 1759 2987 1802 con-

739 1840 850 1900 tuli
885 1838 1134 1901 Londini
1170 1856 1376 1898 mense
1405 1835 1631 1897 octobri
1673 1834 1851 1896 1887.

821 1936 910 2020 Ψ]
955 1935 1340 1999 Scorialensis
1387 1934 1658 2013 signatus
1697 1934 1763 1995 Y.
1798 1934 1843 1995 1.
1878 1932 1913 1993 2
1957 1933 2081 1994 sive
2114 1934 2273 2014 apud
2314 1935 2374 1996 b.
2420 1954 2505 1995 m.
2554 1933 2848 1996 Millerum
2877 1928 2994 1995 nu-

738 2054 904 2097 mero
935 2033 1075 2105 292,
1105 2035 1458 2096 chartaceus
1481 2031 1682 2093 saeculi
1715 2031 1855 2102 XVI,
1894 2030 1996 2092 fol.
2036 2030 2315 2094 521-566.
2359 2031 2490 2093 Fuit
2516 2032 2660 2093 olim
2699 2032 2987 2095 Mendozae

738 2133 1018 2203 venetiis,
1052 2131 1126 2192 de
1155 2150 1277 2211 quo
1309 2129 1552 2192 consule
1581 2130 1644 2191 b.
1680 2149 1766 2190 m.
1804 2128 1865 2191 C.
1904 2129 2119 2201 Graux,
2166 2130 2337 2191 Essai
2361 2149 2468 2191 sur
2515 2130 2596 2191 les
2622 2130 2880 2212 oriqines
2906 2131 2989 2191 du

738 2231 912 2309 fonds
946 2250 1084 2311 grec
1121 2229 1197 2289 de
1236 2227 1553 2290 l’Escurial
1593 2226 1821 2306 (1880),
1869 2244 1929 2306 p.
1977 2226 2118 2287 595.
2166 2228 2372 2289 Postea
2420 2230 2455 2287 a
2500 2229 2657 2289 Luca
2688 2228 2986 2291 Holstenio

740 2328 992 2391 collatus
1016 2334 1107 2388 est
1141 2326 1216 2387 ad
1247 2333 1477 2387 textum
1509 2343 1937 2406 genevensem;
1974 2324 2313 2387 llolstenius
2345 2345 2485 2387 vero
2519 2344 2658 2387 suas
2696 2345 2723 2385 (t
2754 2326 2989 2387 Scoria-

739 2424 924 2487 lensis
963 2424 1189 2487 codicis
1223 2423 1512 2485 lectiones
1545 2443 1571 2483 »
1610 2422 1839 2484 Valesio
1872 2422 2300 2493 commodavit;
2334 2430 2393 2485 et
2421 2425 2578 2484 hanc
2610 2423 2990 2485 collationem

736 2542 858 2585 una
887 2543 1027 2586 cum
1056 2522 1327 2584 eiusdem
1354 2520 1636 2583 llolstenii
1661 2520 1892 2600 aliquot
1910 2521 2384 2583 correctionibus
2402 2522 2665 2602 reperies
2693 2521 2755 2581 in
2781 2521 2989 2583 codice

739 2622 1005 2684 Parisino
1025 2637 1218 2701 graeco
1238 2619 1395 2680 5115
1420 2620 1544 2699 (ΐοί.
1561 2616 1815 2697 97-159)
1830 2664 1843 2677 .
1858 2619 1991 2680 Haec
2005 2618 2381 2681 Holsteniana
2402 2618 2737 2680 adversaria
2758 2618 2989 2698 inspexi

737 2738 944 2781 mense
970 2718 1200 2781 octobri
1239 2715 1420 2779 1889.

813 2817 890 2901 Μ]
941 2818 980 2879 F
985 2816 1316 2878 lorentinus
1362 2814 1742 2877 bibliothecae
1784 2812 2193 2878 Laurentianae
2245 2815 2517 2896 signatus
2558 2816 2715 2879 inter
2754 2815 2993 2878 codices

736 2916 1042 2977 Medicaeos
1078 2932 1328 2975 numero
1361 2914 1515 2983 LXX,
1563 2913 1622 2983 5,
1669 2913 2022 2975 chartaceus
2050 2912 2255 2974 saeculi
2289 2915 2402 2984 XV,
2454 2914 2557 2975 fol.
2592 2914 2691 2976 65.
2741 2914 2987 2977 Nonnisi

739 3013 1205 3094 fragmentulum
1239 3010 1458 3090 duplex
1497 3017 1628 3072 tum
1666 3010 1809 3071 libri
1843 3011 1959 3081 ΧΠ,
2009 3011 2107 3082 10,
2154 3016 2284 3072 tum
2319 3011 2461 3072 libri
2494 3013 2589 3084 ΙΙΙ,
2627 3012 2686 3073 9.
2731 3012 2884 3074 Illud
2925 3012 2988 3072 in

735 3139 940 3182 meum
988 3137 1193 3188 usum,
1243 3135 1360 3197 qua
1402 3123 1495 3178 est
1553 3116 1615 3177 in
1671 3136 1769 3178 me
1823 3116 2113 3197 singulari
2161 3117 2593 3190 benevolentia,
2642 3118 2987 3181 describere

734 3219 1015 3298 dignatus
1072 3224 1162 3278 est
1221 3235 1277 3276 v,
1344 3214 1424 3276 cl.
1498 3215 1645 3277 Lud.
1698 3215 2009 3276 Duchesne
2059 3214 2372 3276 Florentiae
2413 3235 2521 3296 pro
2565 3222 2829 3297 tempore
2882 3216 2990 3277 de-

810 3336 901 3378 ns.

734 3338 1039 3476 geHorum
1085 3411 1363 3474 codicum
1419 3410 1849 3491 genealogiam,
1905 3416 1975 3471 ut
2026 3411 2260 3490 opinor,
2320 3411 2513 3472 detexi
2576 3418 2636 3474 et
2691 3411 2986 3474 detectam

737 3511 982 3592 exposui
1019 3496 1344 3587 (Romische
1382 3508 1871 3586 Quarlalschrift,
1922 3516 2068 3570 tom.
2113 3510 2180 3571 1v
2213 3508 2445 3590 (1890),
2481 3530 2542 3591 p.
2593 3509 2876 3590 154-145)
2923 3510 2987 3570 in

734 3609 1150 3671 dissertatione
1191 3608 1289 3669 cui
1336 3607 1550 3669 titulus
1608 3628 1622 3666 :
1680 3607 1791 3668 Die
1851 3606 2442 3688 Textitberlieferunq
2488 3608 2600 3668 der
2636 3608 2990 3689 Kirchenqe·

732 3707 988 3769 schichte
1037 3706 1138 3766 des
1179 3705 1618 3787 Philoslorqius.
1682 3705 2107 3784 Fragmentum
2166 3705 2553 3766 florentinum
2595 3705 2821 3786 praebet
2863 3704 2989 3767 lec·-

735 3807 927 3868 tiones
955 3805 1271 3866 nonnullas
1304 3803 1640 3884 singulares
1679 3821 1791 3864 nec
1816 3802 1897 3864 ita
1926 3802 2165 3864 videtur
2198 3803 2274 3864 ab
2307 3802 2518 3864 eodem
2548 3810 2687 3885 typo
2727 3803 2988 3883 pendere

733 3924 804 3967 ac
846 3903 1044 3966 caeteri
1088 3921 1294 3964 omnes
1351 3900 1588 3963 codices
1633 3922 1648 3960 τ
1705 3907 1967 3962 attamen
2019 3900 2255 3961 minimi
2300 3901 2586 3981 ponderis
2628 3907 2823 3963 toturn
2868 3909 2983 3962 est.

734 4003 979 4064 Codices
1010 4007 1140 4063 tum
1169 3998 1518 4062 Oxoniensis
1545 3998 1694 4060 alter
1717 4006 1849 4060 tum
1883 3997 2309 4060 Bocha1·tianus
2333 3998 2616 4079 descripti
2654 4005 2796 4060 sunt
2827 4017 2860 4060 e
2888 4018 2989 4061 co-

735 4101 868 4163 dice
923 4099 1300 4162 Barocciano.
1364 4097 1674 4183 Bernensis
1727 4115 1866 4158 vero
1928 4104 1987 4158 et
2036 4096 2427 4160 Londinensis
2482 4105 2541 4159 et
2598 4096 2986 4160 Scorialensis

736 4199 1019 4279 descripti
1054 4204 1194 4259 sunt
1220 4217 1253 4258 e
1282 4196 1487 4257 codice
1527 4193 1931 4256 Bessarioneo.
1980 4194 2174 4256 Editio
2224 4194 2577 4275 genevensis
2609 4200 2729 4256 tota
2768 4195 2988 4275 pendet

735 4315 767 4357 a
798 4297 1004 4358 codice
1033 4294 1336 4358 Beruensi.
1379 4293 1572 4354 Editio
1607 4301 1809 4354 autem
1838 4292 2140 4354 Valesiana
2177 4292 2399 4372 praebet
2425 4301 2651 4355 textum
2685 4311 2981 4373 geneven—

805 4513 850 4561 1.
890 4510 1034 4568 naid„
1067 4511 1152 4560 rol.
1184 4511 1282 4558 6-9.
