3484 5650
808 643 869 692 18
1462 635 1832 694 Quasnoxsss
1867 635 2395 686 rultosrouGuNAE.

806 779 833 819 (ι
885 760 1035 820 Sane
1078 763 1138 818 et
1184 755 1295 816 hac
1342 759 1694 832 tempestate
1726 751 1908 813 audio
1954 771 1989 812 a
2037 752 2346 814 nonnullis
2399 751 2716 814 historiam
2763 750 2948 812 scribi
2992 771 3048 821 ι),

800 857 886 918 ait
914 853 1215 934 Eunapius
1236 853 1363 932 ipse
1380 855 1421 911 ¹.
1456 852 1615 912 Inter
1642 868 1796 930 quos
1823 850 2128 931 Eunapius
2151 851 2306 912 viam
2330 849 2655 931 quamdam
2679 849 3050 928 singularem

804 955 1116 1034 ingressus
1161 958 1273 1012 est.
1316 948 1587 1012 llistoriae
1632 967 1756 1009 suae
1794 947 1957 1008 enim
2011 948 2326 1010 materiam
2375 948 2458 1009 ita
2507 946 2825 1009 distribuit
2867 954 2938 1007 ut
2991 945 3052 1006 in

805 1051 959 1113 libro
1010 1050 1203 1129 primo
1244 1044 1689 1126 compendiaria
1735 1045 1964 1106 ratione
2002 1064 2099 1106 res
2143 1053 2522 1126 percurreret
2554 1064 2690 1126 quae
2731 1063 2764 1105 a
2805 1043 3054 1106 Claudio

802 1149 1089 1210 labuntur
1156 1137 1239 1208 ad'
1295 1145 1595 1207 lulianum
1654 1144 1944 1204 Caesarem
2005 1145 2094 1220 (Α.
2141 1145 2205 1204 Ι).
2256 1143 2580 1221 271-555),
2647 1141 3052 1203 narrationem

803 1246 1019 1308 deinde
1063 1237 1382 1324 ampliaret
1422 1242 1484 1303 in
1528 1241 1710 1302 rebus
1761 1240 1998 1311 Iuliani,
2047 1240 2324 1312 ValentiS,
2371 1240 2688 1302 Theodosii
2721 1247 2781 1300 et
2813 1238 3052 1300 Arcadii

803 1343 1153 1406 enarrandis
1204 1339 1536 1421 (555-404),
1581 1339 1739 1401 inter
1785 1358 1934 1419 quas
1979 1346 2175 1400 tamen
2214 1338 2428 1400 Iuliani
2479 1357 2733 1418 regnum
2782 1336 3053 1416 magnifi-

802 1449 986 1504 caret.
1041 1441 1095 1501 ls
1149 1456 1409 1517 namque
1462 1436 1725 1515 Eunapio
1778 1436 1943 1497 visus
1993 1443 2083 1498 est
2133 1436 2306 1517 quasi
2365 1434 2660 1498 candidus
2713 1436 3055 1497 Graecorum

803 1540 1034 1621 Apollo,
1058 1535 1277 1616 reliqui
1310 1553 1451 1596 vero
1484 1554 1605 1596 non
1640 1534 1756 1596 nisi
1785 1532 2094 1596 sordidum
2127 1535 2347 1615 vulgus
2377 1534 2832 1595 monachorum.
2863 1533 3058 1594 Euna-

804 1638 941 1717 pius
970 1637 1239 1716 insuper,
1266 1641 1333 1695 ut
1364 1639 1492 1694 erat
1518 1633 1742 1702 rhetor,
1771 1632 1971 1694 omnis
1991 1632 2393 1713 chronologiae
2415 1631 2731 1712 omnisque
2749 1629 3054 1691 historicae

802 1732 1072 1816 ἁκριὸείας
1106 1752 1179 1793 ex
1206 1729 1505 1792 industria
1549 1738 1928 1810 contemptor
1973 1730 2180 1800 evasit,
2227 1730 2428 1791 animo
2471 1750 2497 1789 (ι
2541 1728 2726 1808 impio
2761 1749 2787 1788 n
2821 1729 3056 1790 metho-

802 1833 947 1894 dum
993 1849 1331 1912 perversam
1374 1828 1751 1890 cumulans².
1797 1828 2012 1889 Mirum
2069 1828 2270 1907 itaque
2313 1835 2469 1890 esset
2495 1828 2552 1888 si
2592 1825 3049 1906 Philostorgius,

802 1929 1170 1992 christianus
1208 1945 1413 1989 rerum
1459 1925 1740 2005 scriptor,
1787 1926 2102 1987 materiam
2151 1945 2273 1988 suae
2316 1926 2585 1987 historiae
2629 1923 3052 1988 ecclesiasticae

800 2049 873 2090 cx
900 2027 1149 2107 Eunapii
1179 2024 1394 2106 pagani
1421 2023 1870 2086 commentariis
1898 2024 2340 2086 declamatoriis
2369 2024 2689 2085 hausisset.

884 2124 1208 2204 EunapiuS,
1255 2129 1323 2183 ut
1370 2129 1497 2184 erat
1548 2121 1894 2184 christianis
1937 2122 2316 2202 principibus
2359 2121 2811 2192 infestissimus,
2860 2122 3054 2183 Theo-

805 2222 1045 2286 dosium
1100 2239 1481 2300 summopere
1550 2219 1988 2299 reprehendit:
2057 2222 2368 2291 Θεοδόσιος,
2427 2220 2651 2300 inquit,
2709 2227 2737 2279 ὁ
2799 2219 3050 2302 βασιλεὺς

804 2319 1035 2400 ἐκμελὴς
1060 2313 1131 2398 ἦν
1158 2317 1249 2378 καὶ
1277 2319 1431 2401 πάσῃ
1472 2322 1705 2399 ῥαθυμίᾳ
1754 2320 2159 2396 ἐκκείμενος....
2199 2316 2291 2378 llll
2336 2324 2388 2378 oi
2427 2317 2686 2400 ἄρχοντες
2725 2330 2836 2377 τῶν
2881 2320 3046 2377 πολε-

806 2424 943 2500 μίων
991 2412 1133 2496 ἦσαν
1171 2418 1667 2496 πολεμ.·.ώτεροι....
1720 2418 1868 2476 Τότε
1904 2408 1975 2494 ἦν
2024 2418 2340 2476 ἐπισκοπεῖν
2383 2415 2784 2478 Theodosium
2841 2415 3051 2495 μηδένα

804 2518 1005 2595 τρόπον
1040 2510 1404 2592 ἀμελούμενον
1438 2517 1630 2579 κακίας
1662 2510 1754 2572 καὶ
1785 2507 2078 2580 ἀκολασίας
2111 2512 2186 2580 εἷς
2215 2511 2320 2592 τὴν
2352 2511 2540 2592 κοινὴν
2571 2524 2682 2572 τῶν
2709 2513 3051 2592 πραγμάτων

806 2612 1196 2694 διαφθοράν....
1250 2611 1319 2671 Et
1360 2609 1473 2670 alia
1516 2609 1867 2671 eiusmodi-³.
1917 2610 2352 2689 Philostorgius
2394 2630 2426 2671 e
2467 2617 2673 2672 contra
2721 2609 3050 2671 Theodosio

806 2709 1141 2790 gratulatur
1192 2707 1375 2789 quod,
1431 2726 1571 2769 cum
1638 2715 1945 2787 regnasset
2005 2707 2178 2768 annis
2239 2707 2560 2779 sexdecim,
2616 2708 2691 2769 ad
2743 2727 3048 2770 summum

804 2806 1113 2889 fastigium
1153 2806 1432 2868 humanae
1471 2804 1778 2868 felicitatis
1818 2807 2156 2886 pervenerit
2189 2806 2479 2886 quamdiu
2517 2805 2854 2888 imperavit,
2887 2805 3052 2869 obie-

804 2907 1005 2985 ritque
1048 2904 1305 2965 illustris
1342 2912 1477 2983 post
1514 2904 1817 2973 victorias,
1854 2905 2038 2966 totius
2079 2904 2319 2985 imperii
2363 2905 2595 2965 romani
2635 2904 3049 2967 monarchiam

805 3003 1104 3073 obtinens,
1133 3001 1457 3081 imperium
1498 3001 1644 3061 filiis
1691 3001 1929 3063 duobus
1975 3002 2324 3082 relinquens
2367 3003 2682 3065 seditionis
2721 3022 2951 3083 expers,
2985 3002 3048 3063 in

806 3120 915 3163 suo
953 3099 1213 3178 denique
1261 3098 1415 3160 lecto
1458 3098 1691 3178 placida
1742 3107 1934 3161 morte
1981 3100 2276 3171 sublatuS‚
2320 3107 2499 3180 atque
2539 3110 2638 3160 τοῦ
2687 3106 2885 3181 θερμοῦ
2928 3102 3050 3180 (μοι

804 3198 966 3280 δοκῶ)
997 3196 1142 3258 κατὰ
1178 3209 1289 3257 τῶν
1320 3197 1557 3257 εἰδώλων
1591 3200 1758 3278 ζήλου
1791 3208 1954 3258 τοῦτο
1999 3201 2162 3278 γέρας
2192 3198 2518 3278 ἐξενεγκώνέ
2552 3198 2688 3259 Haec
2720 3196 3050 3259 Philostor-

806 3297 941 3378 gius
982 3297 1094 3375 (ΧΙ,
1132 3295 1218 3374 2).
1265 3295 1584 3375 Subiungit
1630 3303 1832 3357 tamen
1899 3295 2299 3358 Theodosium
2349 3296 2630 3358 morbum
2681 3296 3048 3357 contraxisse
3116 3376 3122 3381 .

808 3405 908 3455 τοῦ
961 3394 1147 3474 ὑδέρου
1205 3393 1281 3454 ob
1329 3392 1852 3473 intemperantiam
1905 3394 2041 3455 vitae
2101 3401 2164 3456 et
2221 3394 2297 3456 ob
2350 3393 2704 3456 immodicas
2771 3393 3045 3465 deliciaS,

811 3489 1042 3573 ἀκρασία
1068 3496 1185 3572 βίου
1214 3490 1303 3551 καὶ
1335 3501 1539 3574 τρυφῆς
1560 3487 1810 3573 ἀμετρία.
1835 3491 1985 3563 Quid
2009 3493 2124 3554 hoc
2152 3499 2350 3553 autem
2367 3492 2443 3553 ad
2462 3492 2712 3572 Eunapii
2741 3490 3052 3553 convicia?

811 3591 945 3651 'ure
986 3589 1233 3650 meliore
1275 3609 1332 3649 v.
1380 3591 1456 3650 cl.
1522 3588 1857 3651 Ludovicus
1915 3589 2354 3660 Mendelssohn,
2417 3590 2779 3652 novissimus
2829 3590 3046 3651 Zosimi

811 3686 1027 3756 editor,
1070 3685 1520 3748 animadvertit:
1580 3708 1606 3747 «
1655 3687 1823 3758 Quod
1868 3688 2301 3768 Philostorgius
2351 3689 2464 3765 (XI,
2508 3686 2570 3766 2)
2614 3688 2677 3748 in
2717 3686 3048 3750 Theodosio

810 3782 1071 3869 ἀκρασίαν
1109 3789 1227 3865 βίου
1262 3782 1355 3843 καὶ
1385 3794 1591 3867 τρυφῆς
1624 3781 1885 3867 ἀμετρίαν
1933 3787 2180 3858 notavit,
2223 3806 2294 3847 ex
2325 3784 2591 3866 Eunapio
2623 3787 2740 3847 hoc
2768 3784 3050 3847 habuerit

811 3901 929 3945 non
958 3890 1229 3963 oportet:
1266 3882 1451 3944 immo
1483 3884 1834 3964 popularem
1866 3891 2124 3964 uterque
2152 3892 2394 3947 secutus
2427 3904 2556 3946 esse
2580 3890 2774 3966 potest
2801 3883 3042 3954 famam,

810 3980 1127 4062 gentilium
1170 3980 1496 4060 EunapiuS‚
1540 3981 1904 4043 Arianorum
1953 3977 2409 4064 PhilostorgiuS,
2465 3982 2570 4063 qui
2609 3982 2850 4063 utrique
2902 3980 3048 4042 satis

807 4098 1001 4141 causae
1031 4079 1329 4155 habebant
1358 4098 1469 4141 cur
1492 4079 1822 4141 Theodosio
1857 4079 2071 4141 infensi
2099 4085 2356 4142 essent&
2398 4102 2422 4140 »

870 4275 917 4323 1.
950 4276 1161 4339 Ευηερ..
1198 4276 1401 4339 Fraqm.
1440 4275 1499 4323 75
1532 4275 1629 4338 (ed.
1662 4274 1874 4337 muller).

867 4346 915 4393 2.
953 4347 1003 4395 C.
1037 4346 1227 4401 Miller,
1262 4361 1344 4410 op.
1375 4344 1485 4403 cit„
1512 4360 1560 4408 p.
1592 4345 1638 4394 8.

867 4416 916 4465 5.
953 4417 1163 4479 Eunap„
1196 4417 1400 4481 Fraqm.
1427 4416 1508 4473 48,
1532 4417 1610 4466 49.

864 4486 909 4533 4.
951 4486 1151 4541 zosim,
1186 4486 1314 4534 [list.
1349 4502 1480 4542 nov..
1512 4489 1585 4544 IV.
1612 4488 1681 4537 50
1714 4488 1809 4551 (ed.
1845 4487 2206 4544 Mendelssohm
2233 4501 2281 4550 p.
2314 4487 2444 4551 207).
