3484 5650
1124 603 1496 661 QUAEsTrONEs
1528 602 2058 657 PHILOSTORGIANAE.
2641 611 2703 661 45

474 720 595 782 sive
619 719 906 800 propositi
930 719 1109 781 modo
1137 719 1371 781 diverso
1394 719 1743 781 recitarunt.
1776 721 2025 783 loannes
2049 723 2318 802 quidem,
2347 743 2487 786 cum
2511 746 2543 787 e
2569 727 2707 789 Phi-

470 818 829 898 lostorgiana
888 817 1230 879 narratione
1278 835 1447 878 suam
1493 818 1904 879 narrationem
1958 827 2208 892 texeret,
2230 823 2426 902 ampla
2455 823 2700 886 licentia

471 934 616 977 usus
644 921 735 976 est
763 921 989 976 textum
1015 915 1349 994 genuinum
1373 914 1568 994 quoad
1589 932 1767 976 voces
1789 923 1849 976 et
1871 916 2068 995 quoad
2097 924 2464 981 structuram
2492 921 2706 984 immu-

472 1014 659 1076 tandi.
694 1013 810 1075 Sed
838 1020 898 1075 et
925 1012 1192 1082 photius,
1226 1012 1289 1072 in
1319 1012 1714 1092 excerpendo,
1746 1013 1921 1093 plura
1954 1013 2196 1076 videtur
2222 1017 2522 1089 omisisse,
2557 1021 2704 1100 quin

471 1112 653 1173 etiam
698 1119 758 1172 et
798 1117 1165 1173 structuram
1207 1110 1580 1172 immutasse.
1618 1111 1785 1182 Quod
1829 1111 2075 1192 quidem
2111 1114 2492 1178 manifestius
2523 1118 2704 1179 etiam

474 1210 701 1290 patebit
732 1209 783 1270 si
814 1208 962 1290 quid
999 1208 1193 1270 Photii
1226 1215 1645 1288 excerptorum
1675 1208 1857 1271 alicui
1895 1210 2092 1272 Suidae
2125 1219 2541 1292 excerptorum
2574 1234 2709 1276 con·

473 1307 810 1369 tulerimuS.
844 1306 1108 1386 Exempli
1139 1305 1327 1387 gratia
1359 1326 1372 1365 :

858 1502 1101 1566 Photius
1126 1523 1146 1561 .·

533 1637 723 1701 Πατρὶς
767 1635 937 1702 Ἀετίῳ
984 1627 1017 1697 ἦ
1066 1638 1115 1686 ἐν
1167 1633 1309 1707 κοίλῃ
1362 1632 1536 1699 γὲγονε

474 1719 650 1786 Συρίᾳ.
698 1717 805 1767 Τοῦ
841 1716 893 1766 δὲ
934 1716 1118 1780 πατρὸς
1160 1711 1313 1767 αὑτοῦ
1351 1722 1449 1766 τῶν
1483 1716 1533 1765 ἐν

472 1787 704 1865 στρατείᾳ
726 1795 1155 1864 δυσπραγὲστερον
1180 1794 1534 1860 ἐνηνεγμένων,

472 1879 559 1930 καὶ
579 1879 663 1929 τὸν
689 1877 794 1943 βίον
810 1880 859 1928 ἐν
876 1875 1066 1935 τούτοις
1082 1872 1429 1934 ἀπολιπόντος,
1445 1875 1533 1938 τὴν

475 1962 561 2023 μὲν
596 1953 771 2010 ούσίαν
802 1958 887 2008 τὸν
908 1956 1141 2018 τηνικάδε
1169 1956 1391 2023 ἄρχοντά
1415 1975 1533 2020 φησι

475 2039 819 2103 δημοσιεῦσαι.
845 2037 976 2088 Νεὸν
1004 2037 1056 2088 δὲ
1082 2037 1167 2086 τὸν
1209 2035 1388 2087 Ἀέτιον
1415 2035 1537 2086 ὄντα

474 2121 543 2177 εἰς
555 2118 773 2183 ἔσχατον
795 2109 885 2168 σὺν
904 2123 963 2190 τῇ
986 2120 1133 2181 μητρὶ
1148 2114 1319 2173 πενίας
1338 2114 1535 2173 ἐλάσαι,

474 2199 562 2251 καὶ
584 2197 666 2250 διὰ
687 2200 836 2249 τοῦτο
865 2199 947 2249 ἐπὶ
969 2199 1027 2248 τὸ
1057 2203 1351 2262 χρυσοχοεῖν
1376 2197 1536 2260 ὁρμῆ-

474 2297 579 2342 σαι,
621 2280 687 2336 ὡς
708 2277 766 2329 ἂν
795 2276 1105 2342 ἀμωσγέπως
1136 2273 1279 2335 αύτὸς
1310 2294 1364 2328 τε
1390 2268 1530 2338 sati

384 2429 395 2439 .
472 2358 809 2424 γεννησαμένη
827 2360 1019 2422 διαὸιῷ-
1036 2358 1398 2423 Ἀποχρώντως
1412 2355 1464 2406 δὲ
1478 2363 1537 2430 τῇ

476 2438 622 2514 τέχνη
656 2437 980 2505 κεχρημένον,
1018 2437 1101 2488 διὰ
1136 2437 1307 2503 ῥώμην
1346 2435 1539 2501 φύσεως

474 2521 557 2570 ἐπὶ
603 2518 691 2576 τὰς
736 2517 941 2582 λογικὰς
982 2514 1343 2582 ἐπιστραφῆναι
1390 2514 1543 2580 μαθή-

476 2618 596 2658 σεις.
634 2599 739 2651 Καὶ
772 2596 1027 2650 Παυλίνου
1067 2595 1152 2660 μὲν
1190 2591 1542 2660 ἀκροάσασθαι

473 2679 731 2746 πρότερον,
760 2681 815 2736 ’ὸς
839 2680 895 2728 ἐκ
917 2683 1004 2738 τῆς
1032 2675 1253 2741 ἐφορείας
1279 2675 1445 2743 Τύρου
1474 2677 1543 2736 εἷς

474 2759 560 2825 τὴν
586 2764 674 2820 τῆς
694 2757 1002 2825 Ἀντιοχείας
1032 2755 1256 2822 μετέστη.

2043 1504 2261 1566 Suidas
2287 1527 2308 1565 .·

1704 1635 1887 1695 Ἀἑτιος
1933 1641 1982 1696 ἐξ
2026 1639 2330 1704 Ἀντιοχείας
2374 1645 2460 1702 τῆς
2500 1641 2707 1706 Συρίας,

1643 1714 1943 1773 διδάσκαλος
1991 1712 2264 1781 Εύνομίου,
2312 1712 2409 1769 ἀπὸ
2459 1728 2709 1786 πενιχρῶν

1642 1796 1733 1846 καὶ
1772 1791 1979 1847 εὐτελῶν
2009 1796 2196 1860 γονέων
2233 1797 2517 1864 τυγχάνων.
2560 1799 2625 1850 Ὀ
2659 1799 2713 1850 δὲ

1642 1874 1808 1942 πατὴρ
1831 1870 1964 1940 αύτῷ
1989 1884 2088 1927 τῶν
2108 1871 2156 1928 ἐν
2174 1883 2383 1948 στρατιᾷ
2401 1878 2713 1943 δυσπραγέσ-

1642 1972 1781 2019 τερος
1803 1956 2148 2019 ἑνειλεγμὲνων
2170 1955 2444 2021 γενόμενος,
2467 1958 2711 2021 ἐτεθνήκει

1644 2037 1826 2108 κομιδῇ
1845 2038 2002 2088 παῖδα
2015 2039 2190 2088 τοῦτον
2213 2032 2370 2100 ἀφεὶς.
2387 2035 2554 2098 Αὐτὸς
2575 2039 2627 2090 δὲ
2647 2035 2712 2098 εἷς

1646 2113 1860 2179 ἔσχατον
1886 2109 2096 2180 ἀπορίας
2119 2116 2274 2180 ἥκων,
2298 2112 2378 2168 ἐπὶ
2397 2116 2712 2186 χρυσοχοΐαν

1645 2196 1904 2262 ἐχώρησεν
1936 2190 2211 2261 ἂκρότατός
2243 2214 2296 2248 τε
2326 2191 2534 2261 ἐγένετο.
2570 2198 2714 2250 Ἐπεὶ

1646 2275 1697 2326 δὲ
1748 2268 1782 2337 ἦ
1834 2274 1978 2340 φύσις
2029 2269 2166 2343 αυτῷ
2221 2277 2453 2342 μειζόνων
2497 2277 2714 2345 ὠρέγετο

1648 2355 1970 2420 μαθημάτων,
1990 2358 2112 2421 πρὸς
2129 2357 2336 2420 λογικὰς
2353 2357 2560 2424 θεωρίας
2579 2359 2719 2423 ἐτρά·

1646 2453 1784 2485 πετο.
1823 2435 1925 2485 Καὶ
1968 2437 2095 2496 δῆτα
2131 2437 2411 2501 συγγίνεται
2456 2436 2715 2502 Παυλίνῳ,

1650 2509 1832 2582 ἆρτίως
1859 2509 1958 2566 ἀπὸ
1988 2514 2158 2580 Τύρου
2185 2513 2250 2573 εἷς
2279 2514 2579 2581 Ἀντιόχειαν
2613 2511 2718 2582 οἰφι·

1648 2593 1844 2660 κομὲνῳ
1887 2595 1959 2646 ἔτι
2005 2595 2134 2647 κατὰ
2176 2588 2290 2654 τοὺς
2331 2596 2715 2649 Κωνσταντίνου

1650 2675 1878 2742 χρόνους.

557 2937 633 2997 Ea
674 2942 765 2996 est
818 2935 1007 3015 igitur
1045 2935 1366 3015 utriusque
1405 2934 1809 3014 discrepantia
1836 2941 1907 2995 ut
1939 2954 1972 2995 a
2013 2943 2227 2997 neutro
2261 2942 2457 2997 textus
2485 2936 2719 2997 Philos-

477 3033 783 3114 torgianus
813 3032 1050 3113 proprie
1071 3032 1191 3094 dici
1221 3032 1411 3113 possit
1439 3031 1800 3111 descriptuS‚
1821 3032 1925 3092 sed
1953 3032 2153 3111 potius
2175 3032 2294 3093 sive
2324 3032 2721 3111 amplificatus

479 3132 599 3193 sive
637 3131 982 3194 decurtatus
1019 3138 1079 3192 et
1112 3131 1594 3193 constantissime
1625 3130 2022 3209 interpolatus
2058 3137 2118 3191 et
2150 3130 2528 3191 immutatus,

554 3231 693 3301 Quae
724 3248 865 3291 cum
889 3229 972 3290 ita
997 3228 1139 3300 sint,
1160 3230 1208 3289 si
1240 3228 1487 3290 Pliotius
1516 3235 1576 3289 et
1598 3229 1846 3289 Ioannes
1872 3234 1932 3287 et
1953 3226 2168 3288 Suidas
2191 3227 2571 3308 Philostorgii
2595 3227 2721 3288 his-

479 3327 665 3389 torica
696 3327 1039 3388 testimonia
1063 3326 1238 3388 nobis
1268 3344 1532 3387 servasse
1564 3326 1694 3386 iure
1719 3325 1960 3386 dicendi
1993 3332 2158 3397 sunt,
2177 3324 2558 3405 philostorgii
2589 3324 2719 3404 phi-

478 3425 795 3506 lologicam
830 3425 1245 3490 auctoritatem
1278 3442 1527 3509 prorsus
1557 3422 1924 3484 adulterasse
1955 3429 2208 3483 constat.

991 3727 1268 3778 Scribebam
1297 3727 1428 3792 apud
1455 3727 1920 3780 Sanctum-Petrum
1951 3726 2004 3779 in
2029 3728 2199 3784 Portu.
2228 3726 2296 3777 id.
2333 3726 2459 3783 iulii,
2487 3727 2627 3776 1891.

883 4482 1032 4525 254‘31.
1060 4506 1112 4513 —
1133 4480 1420 4536 lmprimerie
1450 4478 1644 4532 Laliure,
1664 4488 1748 4520 rue
1771 4476 1826 4517 de
1848 4474 2050 4525 FleuruS,
2073 4473 2117 4526 9,
2143 4472 2167 4515 εὶ
2189 4471 2323 4515 Paris.
