3484 5650
1148 625 1518 685 oufflsrioszs
1552 610 2086 681 rmtosroacnm.
2658 598 2743 678 '55

554 1174 622 1229 De
653 1180 806 1228 textu
837 1147 1000 1227 liuius
1030 1171 1297 1243 epitomes
1323 1171 1564 1227 breviter
1593 1171 1931 1227 sententiam
1962 1172 2174 1242 aperire
2210 1176 2314 1227 est.

567 1430 816 1493 laco-bus
849 1430 1250 1492 Gothosredus
1291 1429 1526 1509 primus
1563 1429 1837 1491 omnium
1868 1430 2025 1511 typis
2062 1430 2366 1492 mandavit
2398 1438 2457 1492 et
2502 1433 2731 1512 publici

487 1529 638 1591 iuris
671 1529 817 1613 fecit
860 1528 1158 1609 epitomen
1188 1527 1534 1610 photianam
1565 1529 1626 1587 ἑκ
1675 1540 1787 1588 τῶν
1811 1528 2213 1608 philostorgii,
2250 1528 2517 1601 Genevae,
2576 1550 2731 1592 anno

488 1626 664 1688 1645.
705 1627 884 1689 Paulo
916 1633 1052 1706 post
1079 1632 1278 1687 autem
1328 1625 1620 1688 Henricus
1647 1626 1915 1689 Valesius
1959 1624 2233 1687 eamdem
2294 1628 2593 1706 epitomen
2637 1648 2733 1690 re-

488 1724 745 1796 censuit,
774 1725 836 1785 in
873 1724 1091 1785 melius
1119 1724 1404 1795 restituit,
1436 1730 1498 1784 et
1529 1722 1605 1785 ad
1642 1722 1869 1785 calcem
1918 1723 2322 1784 Historiarum
2377 1725 2733 1787 ecclesiasti-

487 1842 694 1883 carum
721 1821 1098 1893 Theodoreti,
1130 1821 1363 1901 Evagrii
1399 1827 1460 1881 et
1486 1820 1779 1882 Theodori
1814 1820 2025 1892 edidit,
2058 1821 2299 1883 Parisiis
2352 1840 2507 1883 anno
2549 1822 2729 1885 1675.

484 1922 700 1982 Textus
735 1920 1070 1981 valesianus
1125 1938 1376 1982 recusus
1427 1926 1517 1981 est
1557 1918 1876 1999 Moguntiae
1938 1919 2061 1980 sive
2122 1919 2495 1981 Francofurti
2548 1921 2725 1993 1679,

483 2018 908 2080 Amstelodami
949 2018 1133 2087 1695,
1180 2017 1570 2098 Cantabrigiae
1626 2015 1782 2079 1720
1827 2016 2093 2096 (auctore
2128 2016 2439 2099 Reading),
2485 2018 2729 2081 Taurini

487 2114 664 2188 1748,
697 2116 940 2177 Parisiis
971 2114 1127 2179 1864
1155 2116 1422 2196 (auctore
1449 2115 1690 2195 Migne).

561 2214 809 2276 Codices
833 2220 1034 2275 autem
1066 2212 1462 2293 manuscripti
1479 2212 1656 2274 dictae
1681 2212 1973 2292 epitomes
1998 2212 2063 2274 hi
2090 2221 2229 2274 sunt
2258 2234 2271 2273 ε

557 2310 658 2394 0¹]
672 2311 1022 2374 Oxoniensis
1041 2310 1420 2372 bibliothecae
1441 2310 1770 2371 Bodleianae
1792 2309 2064 2389 signatus
2087 2310 2245 2373 inter
2261 2311 2501 2374 codices
2524 2314 2731 2376 Baroc-

483 2409 689 2472 cianos
719 2428 970 2471 numero
1001 2408 1140 2481 142,
1189 2409 1543 2470 chartaceus
1581 2408 1786 2470 saeculi
1816 2409 1930 2470 XIV
1965 2408 2254 2480 ineuntiS,
2293 2409 2395 2471 sol.
2430 2409 2725 2474 245-261.

480 2509 650 2569 Hunc
663 2507 888 2569 contuli
900 2506 1106 2568 Oxonii
1119 2526 1324 2568 mense
1345 2506 1671 2586 septembri
1686 2504 1864 2566 1887.
1882 2508 1957 2568 De
1977 2506 2189 2567 eodem
2204 2507 2569 2570 disseruerat
2580 2511 2721 2571 v.cl.

476 2605 718 2667 Carolus
747 2604 819 2666 de
850 2606 1000 2666 Boor
1027 2603 1392 2686 (Zeitschrift
1419 2605 1528 2683 fiir
1561 2602 2168 2685 Kirchenqeschichle,
2211 2610 2356 2665 tom.
2392 2605 2459 2665 vl
2490 2605 2719 2686 (1884),

477 2724 536 2785 p.
585 2704 724 2775 479,
775 2702 961 2783 sqq.),
1005 2703 1068 2763 in
1111 2702 1428 2764 tractatulo
1471 2702 1569 2764 cui
1612 2701 1833 2764 titulus
1876 2723 1889 2761 :
1923 2703 2051 2763 Zur
2076 2701 2353 2761 Kentniss
2390 2702 2498 2762 der
2514 2702 2723 2763 Hand-

475 2801 763 2880 schriften
791 2802 899 2863 der
923 2800 1331 2884 qriechischen
1363 2800 1956 2862 Kirchenhistoriker.

556 2899 654 2982 0²]
685 2899 1034 2963 Oxoniensis
1063 2899 1213 2960 alter
1240 2899 1514 2961 eiusdem
1551 2899 1934 2962 bibliothecae
1978 2900 2249 2980 signatus
2278 2899 2439 2960 inter
2477 2901 2719 2963 Gerardi

479 2998 822 3080 liangbainii
849 2997 1186 3059 adversaria
1215 3017 1465 3058 numero
1497 2997 1594 3069 20,
1629 2999 1983 3060 chartaceus
2021 2998 2225 3060 saeculi
2246 2998 2404 3069 xm,
2434 2998 2540 3060 sol.
2574 2999 2723 3060 254-

475 3096 616 3159 484.
665 3098 833 3158 Hunc
862 3096 1092 3176 inspexi
1121 3095 1328 3156 Oxonii
1371 3095 1580 3156 eodem
1621 3102 1913 3174 tempore.
1955 3095 2387 3156 Animadvertit
2428 3096 2719 3176 Langbai-

451 3195 615 3260 anius
638 3195 786 3274 ipse,
805 3213 941 3274 pag.
968 3192 1084 3253 255
1102 3193 1368 3263 ineunte,
1392 3193 1544 3254 illud
1570 3193 1981 3274 apographum
2000 3193 2185 3254 fuisse
2206 3212 2238 3253 a
2261 3212 2324 3254 se
2346 3193 2714 3273 descriptum

477 3314 508 3355 e
539 3293 744 3356 codice
776 3291 1135 3354 Barocciano
1159 3290 1527 3370 supradicto.

550 3391 650 3474 0³]
692 3391 1121 3453 Bochartianus
1157 3409 1275 3450 non
1311 3396 1639 3468 comparet.
1701 3388 1885 3450 Huius
1933 3388 2158 3450 mentio
2206 3389 2273 3450 fit
2315 3389 2378 3451 in
2422 3389 2713 3452 Samuelis

472 3491 724 3552 Bochai-t
757 3489 1118 3558 Hier-emim,
1150 3489 1218 3559 11,
1251 3487 1330 3549 55
1369 3487 1536 3567 (edit.
1574 3486 1932 3549 Londinensi
1966 3486 2145 3559 1665,
2179 3494 2223 3548 t.
2258 3488 2303 3558 l,
2341 3507 2403 3568 p.
2450 3487 2615 3567 662),
2648 3489 2711 3550 in

471 3587 752 3668 Stephani
778 3587 853 3647 Le
881 3587 1083 3666 Moyne
1104 3585 1302 3646 Variis
1321 3586 1531 3655 sacris,
1549 3583 1747 3646 110579
1778 3585 1947 3665 (edit.
1979 3584 2257 3664 Lugdun.
2282 3586 2477 3647 Batav.
2508 3585 2710 3666 1685),

472 3685 731 3765 denique
787 3685 848 3744 in
905 3682 1062 3744 notis
1111 3682 1348 3744 Henrici
1383 3683 1627 3754 Valesii,
1676 3682 1781 3762 qui
1821 3682 1983 3745 dicto
2034 3685 2379 3763 apographo
2430 3703 2576 3746 usus
2624 3692 2716 3746 est

471 3791 531 3845 et
563 3782 638 3843 ad
669 3782 800 3843 eius
827 3781 1113 3842 lectiones
1160 3780 1450 3842 continuo
1478 3787 1784 3860 provocat.
1813 3782 1853 3842 E
1881 3781 2092 3844 Valesii
2124 3781 2283 3842 notis
2312 3789 2545 3843 constat
2568 3801 2715 3862 apo-

471 3881 768 3960 graphum
799 3878 1261 3940 Bochartianum
1297 3878 1486 3939 fuisse
1521 3878 1896 3959 descriptum
1932 3899 1964 3941 e
1990 3877 2199 3940 codice
2230 3879 2615 3950 Barocciano‚
2652 3887 2712 3942 et

471 3979 718 4058 insuper
744 3977 807 4039 in
839 3995 902 4037 se
931 3975 1228 4056 recepisse
1256 3975 1707 4038 emendationes
1739 3976 1971 4056 aliquot
1999 3975 2267 4038 eruditas
2299 3996 2409 4038 nec
2438 3984 2711 4039 contem-

469 4077 694 4138 nendas
737 4094 921 4136 mauu
947 4074 1139 4154 ipsius
1174 4075 1430 4137 Bochart
1471 4082 1538 4135 ut
1583 4073 1844 4135 videtur.
1908 4076 1970 4136 In
2010 4073 2211 4136 indice
2256 4087 2367 4135 τῶν
2416 4075 2711 4156 Ouvraqes

468 4194 611 4235 avec
657 4181 818 4234 notes
853 4191 986 4233 mss.
1029 4173 1103 4232 de
1133 4171 1390 4234 Bochart
1435 4191 1550 4252 que
1581 4169 1827 4251 posside
1866 4171 1926 4232 la
1974 4169 2363 4252 bibliotheque
2400 4173 2473 4232 de
2526 4171 2705 4242 Caen,

469 4291 651 4334 manu
690 4273 981 4333 Letronne
1011 4269 1372 4350 descripto¹,
1409 4269 1843 4332 adnumeratur
1899 4289 1926 4330 «
1958 4269 2317 4349 Philostorg.
2362 4268 2458 4330 ed.
2493 4268 2713 4332 Gotho-

527 4486 576 4535 1.
612 4484 764 4540 Paris,
792 4484 953 4546 suppl.
987 4497 1061 4545 gr.
1095 4482 1234 4536 1005.
1269 4482 1350 4531 sol.
1383 4480 1413 4528 2
1445 4495 1553 4543 sqq.

2430 4570 2459 4617 3
