3484 5650
767 633 828 681 12
1425 625 1792 684 QUAESTIONES
1826 624 2352 674 PHILOSTORGIANAE.

844 748 1011 808 Nunc
1040 745 1251 825 igitur,
1283 742 1574 803 Eunomio
1609 759 1717 801 suo
1758 740 1839 800 ita
1878 759 1910 800 e
1947 738 2095 799 vivis
2134 739 2387 813 sublato,
2423 738 3003 823 Philostorgius'sibi

766 844 940 904 facile
965 842 1283 922 persuadet
1308 860 1404 901 res
1421 838 1859 901 ecclesiasticas
1881 836 2124 897 omnino
2146 836 2418 916 periisse,
2444 858 2540 899 res
2564 840 2745 900 etiam
2764 840 3003 921 imperii

768 940 1041 1021 undique
1104 938 1389 1000 labefieri.
1449 937 1736 998 Oriuntur
1786 934 1983 995 sidera
2020 942 2188 995 'nova
2245 941 2304 995 et
2354 935 2627 997 homines
2680 940 3004 1017 portentosi

771 1039 861 1119 (X,
895 1037 1091 1118 9-11);
1147 1037 1222 1097 ad
1268 1038 1396 1097 haec
1436 1041 1607 1095 terrae
1641 1040 1845 1095 motus
1891 1032 2253 1111 gravissimi,
2299 1034 2654 1112 pestilentiae
2692 1042 2751 1096 et
2790 1037 3001 1108 fameS‚

769 1144 1147 1215 terroresque
1182 1135 1255 1195 de
1295 1134 1445 1195 coelo
1496 1132 1608 1211 (XI,
1646 1132 1742 1212 7);
1792 1136 2108 1191 moventur
2142 1131 2382 1191 Barbari
2429 1132 2541 1212 (XI,
2581 1133 2665 1211 8),
2712 1134 2894 1195 Roma
2932 1136 3006 1196 ab

769 1234 1002 1295 Alarico
1041 1232 1265 1312 petitur
1303 1232 1442 1311 (ΧΠ,
1472 1229 1566 1307 5);
1610 1229 1845 1309 tyranni
1875 1227 2186 1298 rebellant,
2221 1228 2524 1308 principes
2554 1232 2885 1303 caeduntur,
2920 1234 3008 1294 sol

767 1332 895 1412 ipse
930 1331 1131 1392 deficit
1165 1330 1296 1409 (XII,
1335 1327 1418 1407 8).
1454 1326 1911 1409 PhilostorgiuS,
1950 1345 2055 1405 spe
2085 1326 2353 1387 deiectus
2383 1346 2511 1398 sua,
2546 1348 2614 1389 ex
2644 1330 2807 1389 omni
2841 1337 3008 1409 parte

768 1428 1022 1508 perituri
1061 1426 1272 1487 mundi
1321 1424 1747 1505 praecurrentia
1790 1424 1944 1485 mala
1986 1423 2339 1484 denuntiare
2380 1424 2638 1486 videtur.
2687 1427 2765 1487 De
2792 1435 3007 1489 caetero

771 1527 905 1587 silet
940 1546 953 1585 :
991 1526 1269 1585 loannem
1305 1524 1488 1583 etiam
1522 1523 2010 1603 chrysostomum
2048 1521 2311 1601 ignorat!

852 1624 984 1683 Haec
1039 1630 1130 1683 est
1177 1620 1636 1700 Philostorgiani
1686 1620 1885 1699 operis
1940 1620 2273 1681 oeconomia
2326 1628 2386 1681 et
2430 1621 2609 1681 etiam
2658 1622 2871 1683 virtuS.
2930 1625 3009 1685 De

771 1721 1063 1800 scriptore
1099 1727 1302 1780 nostro
1345 1719 1544 1779 dicere
1587 1718 1727 1778 licet
1777 1718 1837 1778 id
1886 1717 2049 1798 quod
2091 1717 2164 1777 de
2212 1720 2343 1778 eius
2389 1726 2548 1779 secta
2588 1720 2818 1781 dictum
2861 1729 2951 1783 est
2990 1742 3004 1781 :

777 1839 804 1878 «
840 1817 995 1880 Such
1032 1839 1152 1878 was
1201 1818 1294 1877 the
1341 1837 1469 1877 new
1511 1816 1726 1892 school,
1764 1823 2228 1893 presumptuous
2265 1816 2389 1875 and
2433 1816 2698 1887 shallow,
2736 1821 3011 1897 quarrel-

771 1936 931 1978 some
963 1917 1088 1977 and
1117 1916 1552 1995 heathenisiny,
1578 1922 1674 1994 yet
1702 1921 1807 1974 not
1835 1912 2083 1973 without
2112 1934 2151 1972 a
2178 1914 2502 1973 directness
2530 1915 2656 1974 and
2678 1937 2717 1975 a
2742 1915 3009 1991 firmness

771 2016 846 2093 of
868 2015 1198 2076 conviction
1227 2014 1377 2074 wieh
1417 2014 1580 2094 yives
1610 2014 1658 2072 it
1687 2032 1724 2071 a
1757 2012 1993 2071 certain
2031 2011 2268 2092 diqm'ty
2298 2012 2363 2071 in
2392 2014 2544 2090 spite
2575 2014 2650 2092 of
2667 2014 2739 2073 its
2768 2035 3009 2096 wranq-

771 2114 900 2193 liny
928 2112 1053 2172 and
1082 2112 1563 2171 irreverence...¹
1605 2131 1630 2170 »
1665 2110 1853 2171 Immo
1882 2110 2011 2169 haec
2044 2109 2407 2169 sinceritatis
2444 2116 2503 2169 et
2541 2112 2888 2173 constantiae
2921 2113 3009 2173 vis

774 2211 836 2271 in
872 2209 1264 2290 Philostorgio
1313 2209 1386 2270 ad
1415 2207 1972 2288 magnanimitatem
2002 2206 2251 2267 accedit.
2292 2209 2594 2287 Pleraeque
2623 2209 2829 2270 laudes
2862 2230 3009 2289 quas

774 2309 940 2371 Aetio
971 2315 1031 2369 et
1051 2308 1343 2369 Eunomio
1370 2306 1587 2368 tribuit
1619 2306 1884 2386 speciem
1918 2306 2187 2366 veritatis
2222 2306 2511 2385 optimam
2540 2306 2791 2378 habent;
2834 2315 2913 2379 et,
2947 2310 3011 2369 in

770 2408 870 2469 his
927 2426 1063 2486 quae
1113 2413 1200 2467 tot
1246 2406 1348 2466 irae
1389 2412 1597 2485 totque
1648 2404 1782 2465 odia
1832 2410 2321 2475 attrectaverunt,
2381 2405 2652 2465 encomio
2713 2406 3011 2467 laudantis

773 2505 976 2586 potius
1010 2524 1190 2584 quam
1230 2504 1518 2565 conviciis
1563 2502 2027 2564 detrectantium
2060 2503 2239 2563 fidem
2279 2502 2565 2563 adhibere
2610 2522 2852 2582 aequum
2895 2510 3006 2564 est.

775 2603 888 2665 Sed
935 2611 993 2664 et
1040 2602 1168 2681 ipse
1217 2602 1655 2681 philostorgius
1703 2619 1815 2661 nec
1862 2600 1966 2660 irae
2020 2620 2128 2661 nec
2180 2600 2317 2661 odio
2362 2601 2655 2679 pepercit,
2711 2602 3010 2681 etiamque

774 2720 984 2762 verum
1020 2706 1110 2761 est
1158 2700 1231 2761 de
1271 2700 1564 2780 scriptore
1607 2705 1812 2759 nostro
1860 2698 1922 2758 id
1962 2698 2121 2776 quod
2170 2698 2242 2758 de
2280 2700 2708 2759 Anomoeorum
2754 2698 3010 2760 factione

773 2797 1155 2878 supradictus
1184 2804 1394 2859 auctor
1423 2797 1646 2877 profert
1684 2818 1695 2856 :
1749 2816 1773 2856 «
1916 2798 1998 2858 Its
2031 2797 2437 2858 conservative
2470 2796 2641 2856 allies
2672 2795 3013 2876 it'despis'ed

772 2896 870 2974 for
889 2895 1043 2955 their
1067 2897 1373 2975 waveriny
1404 2895 1526 2955 and
1549 2895 1933 2974 insincerity,·
1964 2905 2019 2954 lo
2047 2895 2123 2954 ils
2144 2896 2358 2955 Nicene
2387 2903 2713 2972 opponente
2734 2897 2783 2955 it
2804 2897 3014 2974 repaid

773 2993 986 3053 hatred
1012 2993 1110 3070 for
1137 2993 1372 3062 hatred,
1411 2993 1532 3052 ancl
1558 2993 1725 3074 slanq
1770 2992 1912 3052 back
1954 2993 2097 3052 with
2126 2993 2390 3054 recor-ted
2418 3012 2589 3053 scorn
2626 2993 2781 3053 their
2811 2995 3015 3054 clenial

773 3093 848 3170 of
865 3091 940 3151 its
971 3090 1131 3171 rith
1162 3101 1216 3152 to
1252 3091 1398 3151 bear
1423 3092 1518 3152 the
1547 3090 1854 3154 Christian
1888 3111 2087 3151 name.
2120 3112 2165 3150 -›)

863 3554 1025 3615 Haud
1058 3554 1279 3615 iniuria
1305 3554 1535 3615 dictum
1570 3561 1659 3615 est
1692 3553 1765 3614 de
1796 3553 2093 3634 theologis
2122 3575 2135 3613 ε
2170 3554 2387 3632 pellem
2420 3573 2528 3633 pro
2558 3554 2733 3633 pelle.
2764 3554 2834 3613 Et
2860 3551 3017 3614 hanc

781 3653 970 3733 ipsam
1005 3653 1201 3731 legem
1238 3652 1396 3731 apud
1434 3652 1885 3731 antiquissimos
1916 3653 2183 3712 ecclesiae
2214 3653 2535 3732 scriptores
2567 3651 2834 3731 viguisse
2873 3670 3013 3712 con-

781 3757 916 3810 stat.
947 3752 1095 3821 Quot
1131 3749 1396 3811 convicia
1445 3750 1758 3810 orthodoxi
1804 3750 2074 3811 nonnulli
2115 3750 2177 3809 in
2208 3753 2524 3811 Anomoeos
2555 3748 3011 3830 congesserunt!

781 3847 974 3908 Satius
995 3847 1107 3906 erit
1124 3867 1155 3907 e
1180 3848 1394 3908 Nicetae
1421 3846 1718 3908 Thesauro
1747 3847 2019 3927 quaedam
2043 3847 2308 3925 proferre
2340 3847 2543 3908 minus
2574 3853 2733 3916 nota,
2766 3865 3018 3925 quaeque

780 3964 851 4005 ex
879 3945 1170 4005 Theodori
1205 3945 1599 4024 Mopsuesteni
1635 3951 1891 4006 tractatu
1928 3945 2215 4005 Adversas
2252 3946 2609 4006 Eunomium
2643 3945 2856 4005 hausta
2890 3963 3017 4005 esse

782 4043 1017 4105 conicio
1057 4063 1070 4102 :

865 4162 890 4201 «
924 4142 1149 4211 AetiuS,
1188 4141 1406 4221 inquit,
1448 4142 1803 4205 temerarius
1842 4150 1901 4203 et
1936 4142 2165 4203 facetus
2201 4150 2325 4203 erat
2365 4148 2544 4221 atque
2580 4140 2844 4202 mimicis
2881 4141 3015 4220 thy-

780 4240 1131 4320 melicisque
1161 4240 1564 4319 sermonibUS,
1591 4241 1859 4320 gestibus
1882 4248 1939 4301 et
1960 4240 2225 4302 cultibus
2256 4240 2556 4302 indecoris
2582 4239 3013 4300 oblectabatur.

848 4471 892 4519 1.
927 4469 1167 4528 Gwatkin,
1201 4471 1298 4519 The
1326 4471 1486 4521 Arian
1513 4476 1849 4534 controversy,
1882 4487 1929 4534 p.
1960 4473 2040 4520 76.
