3484 5650
1090 652 1457 708 QUAESTIONES
1491 652 2020 703 PHILOSTORGIANAE.
2607 657 2668 706 15

434 771 577 832 Nam
606 776 766 831 veste
806 769 881 829 ad
917 775 1085 829 nates
1120 787 1314 848 usque
1352 769 1584 829 sublato
1624 769 1904 829 manibus
1936 770 2093 830 nuda
2123 770 2346 831 femora
2383 772 2662 841 feriebat;

434 869 737 948 alteroque
786 866 934 947 pede
980 866 1211 927 sublato
1262 873 1321 927 et
1360 873 1563 927 ventre
1607 885 1890 946 percusso
1933 866 2207 946 pedebat.
2259 869 2323 930 In
2377 870 2668 930 conviviis

434 974 633 1026 autem
672 966 832 1026 inter
874 971 1083 1026 caetera
1131 963 1362 1024 ludicra
1409 965 1507 1024 his
1556 965 1834 1025 convivas
1868 965 2284 1045 alloquebatur
2329 967 2523 1029 verbis
2557 989 2570 1026 :
2609 968 2667 1029 Si

431 1064 633 1134 vulliS,
664 1063 890 1124 docebo
919 1081 1023 1123 vos
1056 1061 1204 1139 quid
1237 1062 1354 1122 sibi
1383 1062 1526 1122 velit
1562 1062 1804 1141 dogma.
1838 1063 2011 1135 Tum,
2051 1063 2244 1124 tribus
2277 1066 2504 1125 ventris
2535 1084 2665 1136 cre-

349 1188 354 1193 ·
434 1161 659 1241 pitibus
684 1160 983 1221 similibus
1004 1178 1218 1238 magno
1244 1179 1381 1220 cum
1404 1159 1673 1220 anhelitu
1700 1159 1957 1230 emissiS,
1979 1161 2065 1222 sic
2097 1162 2460 1222 exclamabat
2484 1164 2669 1224 :Ecce

432 1259 924 1339 Ortliocyllorum'
958 1258 1093 1337 (hoc
1141 1264 1226 1318 est
1275 1258 1823 1336 Recticlaudorum)
1882 1257 2094 1338 dogma
2151 1259 2262 1337 (sic
2305 1260 2668 1321 orthodoxos

432 1376 540 1436 per
601 1355 1160 1417 transmutationem
1223 1353 1489 1434 vocans).
1549 1355 1770 1416 Deinde
1821 1355 2020 1416 tribus
2043 1358 2050 1363 ’
2077 1357 2211 1417 aliis
2274 1357 2670 1419 dissimilibus

432 1455 684 1515 efflatis:
717 1456 888 1524 Ecce,
925 1454 1252 1533 inquiebat,
1286 1459 1345 1512 et
1365 1459 1839 1513 nostrum.-...
1865 1453 2140 1513 Eunomii
2162 1462 2436 1534 parentes
2470 1456 2670 1516 liberti

432 1553 727 1614 maiorum
757 1551 957 1632 magni
994 1552 1161 1612 illius
1190 1551 1389 1611 Basilii
1426 1552 1690 1620 fuerunt,
1734 1550 1838 1629 qui
1878 1551 2093 1629 primis
2133 1553 2469 1613 litterarum
2502 1553 2669 1614 rudi-

430 1651 648 1712 mentis
697 1651 999 1710 imbutum
1048 1649 1121 1710 ad
1165 1647 1502 1709 scribarum
1533 1649 2117 1729 amanuensiumque
2167 1650 2520 1712 exercitium
2568 1651 2669 1712 de-

431 1748 751 1810 duxerunt.
790 1747 1138 1814 Parentibus
1168 1753 1367 1806 autem
1397 1747 1673 1816 morluiS,
1715 1747 2286 1826 Constantinopolim
2339 1748 2668 1827 profectus,

430 1846 673 1906 maximi
718 1846 975 1906 nominis
1019 1844 1261 1905 familiae
1303 1844 1545 1905 cuidam
1592 1863 1655 1904 se
1700 1844 1959 1914 addixit;
1999 1845 2174 1924 eique
2215 1865 2355 1906 mox
2392 1846 2674 1914 dominus

429 1945 759 2006 liberorum
827 1962 1076 2004 suorum
1133 1962 1342 2003 curam
1400 1942 1800 2003 demandavit.
1859 1944 2014 2012 Quos
2073 1943 2378 2023 paedagogi
2427 1945 2549 2005 ritu
2607 1945 2669 2004 in

432 2042 737 2122 gymnasia
768 2041 1067 2102 deducens
1114 2041 1450 2100 litterarum
1490 2039 1689 2100 studia
1723 2059 1863 2100 cum
1898 2040 2019 2100 illis
2054 2042 2395 2102 communia
2434 2041 2668 2112 habuit,

430 2148 608 2220 atque
646 2140 857 2201 exinde
899 2139 1306 2218 grammaticis
1349 2145 1406 2198 et
1450 2138 1768 2199 rhetoricis
1811 2138 2043 2198 artibus
2073 2139 2345 2200 imbutus
2379 2146 2489 2200 est.
2525 2141 2700 2200 Cum·

431 2245 631 2299 autem
661 2257 800 2298 eum
838 2237 1158 2317 aliquando
1201 2236 1629 2315 paterfamilias
1677 2236 1737 2296 in
1783 2237 2004 2297 liberos
2051 2238 2255 2297 nescio
2303 2238 2450 2316 quid
2483 2239 2674 2298 delin-

433 2338 714 2416 quentem
760 2335 1268 2415 reprehendisset,
1315 2334 1598 2394 iniuriam
1643 2334 1693 2394 si
1747 2333 2160 2414 divulgaretur
2207 2334 2488 2396 dedecori
2527 2336 2669 2397 filiis

436 2435 561 2495 suis
607 2453 911 2494 cessuram
955 2433 1303 2501 arbitratuS,
1344 2431 1707 2493 Eunomium
1742 2432 2091 2494 verberibus
2132 2433 2508 2494 conscissum
2547 2440 2667 2495 tota

432 2533 582 2592 urbe
611 2531 897 2592 excedere
936 2531 1132 2600 iussit,
1171 2549 1375 2609 poenas
1409 2530 1483 2590 ab
1514 2549 1582 2589 eo
1618 2548 1680 2590 se
1721 2530 1962 2608 publice
1996 2531 2396 2609 repetiturum
2429 2531 2674 2592 commi-

432 2637 608 2690 natus
653 2630 703 2689 si
752 2649 892 2690 eum
939 2629 1011 2689 de
1061 2636 1275 2689 caetero
1316 2627 1474 2708 apud
1510 2627 1777 2709 aliquem
1816 2628 2154 2688 concivium
2207 2647 2456 2688 suorum
2507 2648 2672 2689 com-

432 2728 651 2788 morari
682 2727 1052 2788 rescisceret.
1085 2726 1413 2786 Eunomius
1442 2726 1645 2804 itaque
1671 2725 2049 2786 Antiochiam
2078 2725 2239 2785 venit
2267 2725 2373 2786 ubi
2403 2726 2670 2786 arianam

432 2826 707 2887 haeresim
737 2826 1062 2905 amplexuS‚
1098 2844 1166 2885 eo
1198 2825 1439 2885 nomine
1472 2844 1610 2885 cum
1636 2822 1800 2884 Aetio
1830 2831 1889 2885 et
1915 2823 2180 2884 Eudoxio
2203 2823 2670 2885 familiaritatem

434 2924 548 2985 sibi
579 2924 870 2985 contraxit
904 2944 957 2994 »,
997 2931 1140 2993 etc.,
1174 2926 1345 2984 etc.¹.

510 3022 933 3101 Turpitudines
977 3021 1085 3081 has
1120 3020 1183 3079 in
1216 3019 1484 3080 medium
1526 3021 1762 3099 profero
1801 3028 1870 3080 ut
1904 3019 2240 3090 calumniae,
2283 3037 2432 3097 quas
2474 3019 2674 3080 Philo-

432 3121 689 3199 storgius
733 3120 794 3179 in
841 3119 1129 3189 NicaenOS,
1171 3119 1234 3178 in
1268 3118 1779 3188 HomoiousianOS,
1829 3118 1888 3177 in
1929 3120 2205 3179 Homoeos
2254 3116 2505 3187 confert,
2553 3136 2669 3177 non

432 3224 789 3279 excusentur
816 3217 1083 3296 quidem,
1119 3217 1221 3277 sed
1248 3217 1576 3276 eleventur.

509 3316 760 3378 Historia
803 3314 1269 3395 philostorgiana
1314 3314 1756 3375 Catholicorum
1801 3319 2084 3392 perpetua
2125 3312 2512 3393 sycophantia
2555 3320 2666 3373 est.

430 3414 815 3475 Athanasium
836 3414 1026 3495 fingit,
1053 3433 1191 3475 cum
1221 3420 1353 3492 post
1372 3420 1628 3473 mortem
1656 3412 1969 3473 Alexandri
2005 3410 2371 3475 Alexandriae
2406 3410 2672 3489 episcopi

431 3513 780 3574 electionem
824 3532 993 3573 suam
1020 3511 1388 3573 variantibus
1422 3511 1837 3590 episcoporum
1877 3508 2180 3587 suffragiis
2211 3508 2354 3573 ferri
2385 3508 2447 3568 in
2477 3508 2673 3569 ambi-

430 3630 616 3690 guum
646 3610 913 3680 vidisset,
948 3610 1252 3671 advolasse
1283 3609 1345 3668 in
1376 3609 1685 3670 basilicam
1719 3608 1915 3670 Sancti
1939 3607 2216 3687 Dionysii,
2255 3615 2314 3669 et
2343 3606 2451 3678 ibi,
2476 3606 2675 3668 ianuis

432 3709 671 3777 clausis,
722 3709 784 3770 in
826 3707 1139 3787 praesentia
1180 3708 1411 3787 aliquot
1452 3727 1572 3768 suae
1623 3707 1900 3768 factionis
1942 3705 2673 3775 hominum,-ordinatum

430 3807 614 3867 fuisse
647 3826 679 3866 a
718 3806 951 3867 duobus
992 3806 1220 3887 AEgypti
1252 3804 1546 3885 episcopis
1598 3823 1750 3884 quos
1795 3804 2019 3865 ibidem
2055 3809 2374 3883 repererat,
2413 3803 2672 3863 multum

430 3905 571 3966 licet
598 3904 1060 3965 reclamantibus
1095 3903 1539 3965 ordinatoribus
1572 3904 1662 3982 (ll,
1702 3902 1827 3982 11).
1861 3903 2062 3963 Postea
2093 3920 2230 3961 vero
2263 3901 2376 3963 hac
2408 3907 2528 3961 tam
2558 3901 2676 3960 fes·
2771 3965 2773 3969 ,

431 4002 547 4063 tiva
599 4009 840 4081 tamque
878 4000 1167 4062 iniuriosa
1216 4001 1589 4061 ordinatione
1616 4000 1966 4061 confirmata
2001 4000 2073 4059 ab
2106 3998 2410 4069 omnibuS,
2445 3997 2676 4058 scilic-et

430 4106 561 4161 tum
612 4120 645 4160 a
688 4099 845 4162 clero
896 4099 1278 4159 alexandrino
1331 4106 1459 4160 tum
1511 4099 1584 4159 ab
1638 4098 1998 4176 imperatore
2053 4096 2460 4165 Constantino,
2509 4094 2672 4153 idem

429 4198 785 4259 Athanasius
806 4196 1029 4259 dicitur
1048 4198 1122 4258 ab
1152 4198 1509 4277 imperatore
1534 4196 1916 4257 Constantino
1944 4194 2198 4255 missum
2219 4194 2404 4253 fuisse
2427 4193 2668 4272 Tyrum,

428 4303 497 4357 ut
535 4295 619 4357 ibi
663 4296 885 4376 synodo
916 4296 977 4355 in
1026 4296 1157 4356 eius
1200 4315 1377 4355 causa
1425 4295 1687 4355 collectae
1740 4295 2032 4354 rationem
2077 4299 2379 4371 gestorum
2424 4306 2672 4349 suorum

493 4510 538 4558 1.
574 4510 750 4568 Nicen,
789 4510 1047 4566 Tltesaur„
1083 4511 1131 4565 V,
1162 4510 1238 4563 51.
