3484 5650
1124 628 1489 687 QUAESTIONES
1520 627 2048 678 PHILOSTORGIANAE.
2658 636 2718 684 15

472 749 827 810 criminatus
870 752 961 808 est
1000 745 1162 826 quod
1210 745 1437 824 absque
1489 745 1796 806 communi
1836 763 2134 806 consensu
2173 755 2331 808 esset
2377 749 2710 822 ordinatus,

472 855 825 926 tantumque
872 844 1124 924 perfecit
1170 842 1492 905 calumniis
1532 849 1599 903 ut
1647 843 2027 905 Constantius
2068 844 2398 924 imperator
2437 866 2614 910 aures
2659 849 2713 910 ei

472 944 929 1006 accommodans
981 942 1343 1004 Eunomium
1399 940 1776 1002 Antiochiam
1833 949 2129 1002 evocaret.
2193 943 2336 1004 Inde
2387 945 2714 1010 Constantii

474 1044 643 1104 iussu
687 1041 951 1123 synodus
994 1040 1199 1102 habita
1241 1039 1692 1101 Antiochiaeest
1735 1045 1806 1099 ut
1852 1040 2119 1119 synodali
2171 1040 2400 1103 iudicio
2438 1045 2716 1106 Eunomii

474 1160 653 1202 causa
680 1139 1138 1200 examinaretur.
1156 1140 1250 1208 At,
1278 1137 1594 1216 subiungit
1612 1137 2069 1217 PhilostorgiuS‚
2099 1157 2236 1199 cum
2261 1141 2522 1220 synodus
2543 1161 2720 1204 accu-

473 1245 729 1300 satorem
772 1236 1133 1318 requireret‚
1162 1236 1364 1296 nullus
1405 1235 1643 1314 uspiam
1686 1235 2010 1314 apparuit:
2061 1236 2308 1298 Aeacius
2347 1239 2507 1299 enim
2549 1250 2716 1303 metu

471 1337 807 1416 perculsus,
830 1335 1052 1415 quippe
1072 1335 1175 1414 qui
1198 1333 1636 1394 existimaverat
1653 1333 1780 1394 sola
1801 1333 1960 1412 apud
1980 1333 2399 1414 imperatorem
2415 1338 2712 1400 calumnia

474 1435 788 1496 inimicum
812 1453 845 1493 a
880 1453 943 1495 se
973 1433 1210 1512 penitus
1252 1435 1601 1511 oppressum
1638 1431 1737 1501 iri,
1763 1430 1824 1490 in
1850 1431 2141 1492 altissimo
2170 1432 2410 1494 silentio
2437 1453 2712 1513 perman-

474 1533 552 1593 sit
582 1535 695 1611 (vl,
723 1531 808 1610 4).
829 1530 1104 1610 —Atqui
1132 1529 1509 1609 philostorgii
1540 1535 1971 1599 commentum,
2007 1529 2079 1589 de
2115 1548 2234 1609 quo
2269 1531 2421 1592 nihil
2450 1534 2715 1613 reperies

473 1630 631 1711 apud
677 1636 921 1690 caeteros
980 1646 1183 1689 rerum
1235 1626 1777 1688 ecclesiasticarum
1831 1626 2178 1706 scriptoreS,
2236 1647 2270 1688 a
2320 1629 2716 1712 Philostorg‘io

476 1729 602 1808 ipso
638 1728 1001 1789 confutatur.
1038 1727 1167 1806 Ipse
1208 1725 1368 1786 enim
1410 1725 1518 1805 (vl,
1552 1724 1611 1801 5)
1647 1743 1757 1785 nos
1796 1725 2005 1786 docuit
2032 1726 2414 1797 Eunomium,
2453 1728 2716 1790 Eudoxio

473 1833 747 1904 urgente,
785 1825 1059 1906 Cyzicum
1104 1823 1406 1884 dimisisse
1449 1829 1509 1883 et
1551 1822 1626 1883 ad
1671 1823 1925 1902 patriam
1973 1843 2143 1884 suam
2182 1825 2610 1904 Cappadociam
2652 1848 2716 1890 se

475 1924 789 2003 recepisse.
816 1925 1087 2002 Insuper,
1116 1922 1165 1982 si
1193 1921 1469 1982 Eunomii
1495 1939 1675 1981 causa
1705 1921 1767 1980 in
1794 1921 2150 1982 antiochena
2172 1923 2394 2002 synodo
2419 1925 2715 1987 audienda

476 2021 655 2092 venit,
693 2026 751 2082 et
794 2021 844 2081 si
879 2026 1189 2081 accusator
1217 2019 1423 2080 nullus
1455 2025 1659 2080 contra
1689 2019 2052 2080 Eunomium
2079 2020 2258 2081 verba
2288 2021 2453 2092 fecit,
2483 2023 2717 2085 absolu-

474 2119 652 2180 tionis
689 2118 980 2180 sententia
1020 2117 1262 2179 ferenda
1304 2117 1418 2178 fuit
1466 2137 1479 2176 ε
1533 2116 1699 2197 atqui
1735 2116 1875 2178 talis
1924 2118 2234 2180 sententiae
2276 2119 2516 2181 nullum
2559 2121 2718 2182 indi-

475 2217 636 2279 cium
664 2223 967 2296 comparet
994 2217 1088 2276 vel
1120 2215 1279 2294 apud
1306 2215 1774 2294 Philostorgium
1795 2217 1836 2274 ¹.

553 2316 634 2376 Ne
662 2314 924 2376 Eudoxio
958 2312 1201 2393 quidem
1232 2313 1443 2393 parcit,
1478 2312 1588 2372 etsi
1619 2312 1721 2373 ille
1754 2315 2175 2374 Anomoeorum
2209 2315 2450 2376 factioni
2486 2323 2544 2377 et
2575 2316 2717 2378 doc-

476 2414 643 2475 trinae
694 2413 875 2473 nimis
929 2412 1226 2492 patienter
1270 2412 1363 2472 vel
1410 2411 1622 2472 timide
1665 2411 2004 2473 indulserit.
2062 2412 2236 2473 Illum
2288 2413 2450 2474 enim
2498 2416 2718 2476 fatetur

474 2511 659 2572 fuisse
691 2510 959 2571 moribus
992 2509 1199 2570 mitem
1228 2515 1407 2589 atque
1434 2509 1796 2579 modestum,
1840 2509 2026 2570 immo
2057 2511 2310 2571 solertiae
2343 2531 2461 2572 non
2490 2513 2719 2574 medio-

476 2609 623 2678 cris;
680 2608 785 2669 sed
837 2608 1035 2686 ipsum
1078 2607 1339 2668 traducit
1376 2607 1451 2668 ob
1500 2627 1525 2666 ι(
1576 2607 1876 2687 ignaviam
1923 2615 1981 2668 et
2027 2607 2412 2669 timiditatem
2455 2629 2511 2680 n,
2567 2611 2716 2688 quin

477 2705 655 2766 etiam
698 2706 773 2766 ob
815 2713 1046 2786 patrem
1090 2705 1221 2766 eius
1262 2705 1583 2766 Caesarium
1636 2705 1899 2775 nomine,
1936 2723 2116 2784 quem
2164 2713 2488 2785 martyrem
2529 2707 2716 2768 fuisse

477 2803 626 2865 dicit
660 2825 684 2864 «
725 2803 866 2866 licet
895 2803 957 2865 in
996 2822 1228 2865 amores
1257 2803 1581 2865 mulierum
1616 2802 1864 2864 effusior
1896 2802 2079 2863 fuerit
2112 2823 2137 2863 »
2201 2801 2313 2884 (lv,
2354 2803 2440 2885 4).
2496 2805 2566 2868 Et
2609 2807 2717 2867 has

476 2922 679 2982 poenas
730 2902 945 2983 repetit
993 2902 1426 2981 philostorgius
1473 2909 1677 2962 noster
1720 2901 1795 2962 ab
1836 2901 2102 2963 Eudoxio
2148 2920 2216 2963 eo
2259 2905 2443 2983 quod,
2510 2925 2536 2964 «
2584 2912 2718 2986 post

475 3001 693 3061 multas
722 3000 930 3061 laudes
955 3000 1017 3060 in
1046 2999 1407 3061 Eunomium
1432 3007 1767 3079 congestas,
1801 3017 1918 3060 non
1949 2999 2127 3061 modo
2159 3000 2313 3061 nihil
2347 3021 2556 3063 eorum
2585 3023 2718 3083 quae

473 3098 764 3160 Eunomio
804 3098 1157 3178 promiserat
1201 3097 1540 3177 perfecerit,
1594 3097 1697 3157 sed
1747 3096 1927 3158 etiam
1967 3098 2021 3157 ei
2064 3099 2428 3178 persuadere
2467 3109 2718 3162 conatus

474 3198 552 3258 sit
578 3206 643 3258 ut
682 3197 1039 3277 depositioni
1064 3196 1212 3257 Aetii
1243 3195 1610 3256 suscriberet
1652 3202 1712 3255 et
1753 3197 2133 3257 Homoeorum
2176 3196 2316 3256 fidei
2347 3217 2372 3255 ι)
2422 3198 2580 3276 (v111,
2628 3198 2712 3278 4).

472 3297 588 3356 Nec
626 3294 906 3356 dissimili
959 3292 1566 3355 causa-Theodosium
1615 3292 1968 3372 episcopum
2009 3294 2102 3353 vel
2159 3314 2184 3353 «
2221 3295 2714 3357 ardentissimum

474 3392 769 3473 dogmatis
814 3393 1321 3455 Eunomianorum
1367 3397 1693 3452 amatorem
1744 3410 1770 3450 »
1824 3390 2172 3451 insectatur.
2232 3392 2408 3454 Illum
2461 3412 2718 3473 namque

474 3510 591 3552 non
643 3490 944 3551 erubescit
994 3490 1345 3553 insimulare
1388 3489 1550 3570 quod
1600 3496 1659 3550 et
1708 3489 1839 3567 ipse
1891 3508 1915 3547 «
1969 3488 2064 3570 ad,
2091 3489 2346 3551 lascivos
2391 3491 2716 3553 mulierum

474 3606 705 3649 amores
733 3588 1053 3649 desciverit
1080 3607 1105 3647 »
1147 3588 1305 3668 (Vlll,
1339 3588 1423 3664 5).
1456 3587 1568 3648 Sed
1598 3605 1784 3666 quare
1817 3585 1899 3646 ita
1933 3587 2214 3667 episcopo
2243 3606 2364 3649 suae
2396 3589 2582 3668 partis
2615 3608 2716 3650 ca-

472 3684 845 3747 lumniatur?
882 3686 1027 3757 Quia
1070 3686 1121 3746 is
1158 3686 1325 3747 Aetio
1373 3685 1434 3745 in
1486 3685 1664 3765 Lydia
1708 3684 2020 3765 episcopos
2067 3704 2366 3748 anomoeos
2411 3688 2715 3749 ordinanti

475 3784 692 3845 acriter
723 3784 1035 3845 obstiterat
1064 3785 1223 3861 (vlu,
1253 3782 1340 3862 4).

555 3882 959 3943 Eunomianus
1002 3888 1203 3942 noster
1249 3881 1397 3942 nulli
1434 3881 1702 3961 pepercit
1739 3899 1949 3941 eorum
1980 3900 2131 3961 quos
2174 3881 2544 3943 adversarios
2592 3882 2718 3967 suis

477 3979 663 4040 fuisse
692 3985 955 4049 noverat,
994 3986 1053 4039 et
1080 3998 1154 4039 ne
1183 3979 1279 4039 his
1306 3978 1551 4058 quidem
1578 3978 1681 4057 qui
1721 3978 2144 4039 eunomianam
2172 3981 2468 4040 fortunam
2495 3980 2719 4042 invicto

476 4084 677 4138 tenore
710 4096 817 4157 per
843 4078 1061 4138 bonam
1090 4095 1160 4138 ac
1191 4078 1410 4137 malam
1450 4077 1671 4137 famam
1705 4094 1824 4136 non
1859 4082 2030 4137 erant
2060 4076 2275 4137 secuti.
2313 4077 2567 4157 Scripsit
2601 4096 2718 4137 non

478 4180 597 4233 tam
644 4174 955 4235 historiam
993 4174 1460 4235 ecclesiasticam
1490 4193 1670 4253 quam
1726 4172 2013 4234 vindicias
2056 4174 2466 4236 eunomianaS.
2521 4175 2611 4244 Et,
2650 4180 2717 4235 ut

541 4414 587 4462 1.
624 4414 897 4469 'l’illemont‚
932 4412 1058 4462 ΙΙὶει.
1084 4412 1223 4470 eccl„
1246 4414 1319 4469 vl,
1365 4413 1453 4461 507
1498 4429 1559 4460 ει(
1600 4413 1661 4462 Ge
1699 4412 1827 4462 recit
1869 4413 1930 4461 de
1972 4412 2285 4474 Philostorge
2331 4410 2616 4464 dont'nous
2653 4430 2716 4465 ne

478 4492 716 4535 trouvons
745 4486 853 4533 rien
882 4484 1007 4533 dans
1032 4489 1145 4533 tous
1172 4485 1245 4533 les
1274 4490 1444 4533 autres
1475 4490 1701 4539 auteurs,
1727 4498 1781 4531 se
1813 4484 2007 4533 combat
2037 4498 2217 4533 encore
2239 4485 2533 4547 luy—mesme
2559 4502 2603 4533 υ.
