3484 5650
761 628 824 679 50
1417 624 1714 683 QUAESTION
1721 624 1789 673 Es
1822 623 2357 675 PHILOSTORGIANAE.

843 737 1163 818 Subiungit
1198 736 1443 799 Photius
1479 755 1799 798 censuram
1836 736 2016 798 libri:
2057 758 2083 797 ι(
2120 736 2580 816 philostorgius»,
2618 735 2838 815 inquit,
2872 754 3004 796 nar-

765 845 857 900 rat
901 838 1027 899 fere
1077 835 1372 898 contraria
1421 834 1703 895 omnibus
1748 834 2291 896 ecclesiasticarum
2338 854 2543 896 rerum
2578 833 3001 914 scriptoribuS,

766 936 1048 999 laudibus
1097 934 1384 995 extollens
1431 952 1584 1013 quos
1638 932 1806 994 novit
1850 933 2186 995 Arianismo
2232 933 2507 1003 infectoS,
2543 930 2834 994 conviciis
2860 950 3004 992 vero

766 1032 1124 1095 orthodoxos
1151 1029 1539 1110 perfundenS,
1572 1030 1654 1091 ita
1681 1036 1752 1090 ut
1780 1030 1912 1091 eius
1952 1030 2203 1093 historia
2232 1050 2352 1091 non
2390 1036 2513 1090 tam
2541 1028 2791 1091 historia
2819 1047 3004 1108 quam

765 1130 1106 1193 encomium
1149 1128 1576 1190 haereticorum
1611 1127 1905 1199 videatur,
1943 1135 2123 1208 atque
2170 1127 2402 1190 nudum
2442 1127 2807 1189 orthodoxiae
2848 1126 3009 1187 vitu-

766 1229 1102 1310 perium...
1136 1227 1364 1288 Interea
1392 1231 1602 1286 auctor
1629 1225 1884 1286 mendax
1911 1234 2002 1288 est
2040 1232 2103 1287 et
2128 1226 2348 1287 fabulis
2383 1225 2634 1286 minime
2672 1224 3001 1286 abstinens·

767 1326 1006 1389 Extollit
1074 1324 1459 1405 potissimum
1529 1322 1866 1384 doctrinam
1923 1323 2076 1385 Aetii
2138 1330 2198 1385 et
2270 1323 2580 1393 Eunomii,
2651 1322 2823 1401 quasi
2894 1322 3005 1384 soli

767 1429 1191 1505 repurgassent
1226 1420 1536 1500 religionis
1559 1420 1835 1502 dogmata
1886 1440 1993 1501 pro
2030 1428 2299 1502 tempore
2340 1420 2780 1491 contaminata;
2816 1420 3009 1481 extol-

768 1522 838 1583 lit
866 1521 1046 1582 etiam
1085 1526 1249 1599 gesta
1292 1518 1529 1580 Eusebii
1568 1518 2040 1581 Nicomediensis
2078 1538 2257 1600 quem
2308 1537 2593 1598 magnum
2626 1518 2919 1586 nominat,
2948 1525 3011 1579 et

769 1618 1083 1698 Theophili
1139 1616 1266 1678 Indi
1301 1623 1360 1677 et
1400 1616 1659 1677 aliorum
1692 1616 1983 1696 plurium.
2016 1616 2416 1697 Reprehendit
2444 1616 2507 1677 in
2543 1616 2755 1696 primis
2782 1614 3004 1687 Aeacii,

770 1719 1047 1779 Caesareae
1080 1715 1386 1778 Palestinae
1427 1714 1714 1794 episcopi,
1758 1714 2135 1776 severitatem
2186 1714 2619 1775 intolerandam
2666 1720 2727 1775 et
2762 1714 3013 1793 inexpu-

773 1814 1074 1895 gnabilem
1116 1812 1540 1874 versutiam....
1593 1812 1875 1893 Gregorio
1930 1821 2129 1875 tamen
2168 1813 2528 1874 Nazianzeno
2586 1812 2777 1892 parcit
2835 1812 3013 1873 cuius

771 1912 1174 1993 eloquentiam
1219 1911 1312 1973 vel
1372 1910 1600 1971 invitus
1649 1909 1874 1972 laudat.
1931 1912 2044 1973 Sed
2094 1911 2310 1972 Basilio
2368 1910 2573 1991 Magno
2647 1910 3012 1971 calumniam

772 2020 970 2073 texere
1013 2017 1287 2078 conatur,
1321 2027 1440 2089 qua
1485 2015 1684 2068 tamen
1729 2009 2043 2070 clariorem
2090 2008 2289 2070 reddit
2316 2007 2558 2078 virum;
2600 2006 3015 2088 temerarium-

774 2128 891 2189 que
928 2107 1207 2168 eumdem
1240 2106 1536 2186 appellare
1579 2125 1695 2166 non
1752 2113 1989 2167 veretur
2022 2106 2185 2185 quod
2226 2106 2769 2168 controversiarum
2818 2105 3011 2175 rudis,

774 2213 842 2268 ut
871 2206 976 2275 ait,
1010 2222 1192 2265 ausus
1221 2203 1301 2266 sit
1325 2204 1680 2265 Eunomium
1709 2203 1953 2284 scriptis
1982 2223 2350 2285 oppugnare.
2372 2224 2397 2265 »
2426 2238 2507 2249 -
2526 2204 2727 2283 Pergit
2748 2203 3015 2283 denique

776 2303 1020 2365 Photius
1060 2301 1450 2382 grammatico
1498 2302 1692 2381 magis
1741 2320 1948 2363 more:
1987 2321 2013 2362 «
2056 2302 2255 2383 Stylus
2317 2301 2711 2381 Philostorgio
2766 2308 3015 2373 ornatus

777 2408 837 2463 et
901 2400 1163 2481 poeticas
1247 2418 1365 2461 non
1440 2398 1771 2463 iniucunde
1848 2400 2141 2461 adhibens
2206 2400 2392 2470 λέξεις.
2473 2400 2747 2480 Figurata
2836 2398 3016 2460 lectio

779 2498 999 2579 (τροπή)
1034 2517 1153 2559 non
1183 2497 1312 2558 sine
1342 2496 1613 2577 emphasi
1647 2497 1903 2577 gratiam
1953 2504 2013 2558 et
2044 2498 2399 2559 suavitatem
2428 2498 2616 2568 addit,
2680 2497 2796 2557 nisi
2855 2495 3017 2576 quod

777 2595 1080 2656 interdum
1106 2594 1439 2656 temerariis
1468 2593 1694 2675 τροπαὶς
1727 2614 1877 2656 usus
1900 2595 1995 2655 vel
2024 2596 2282 2656 nimium
2304 2594 2554 2656 detortis
2588 2595 2650 2655 in
2680 2612 3018 2655 sermonem

777 2693 1064 2774 frigidum
1103 2700 1164 2755 et
1193 2693 1607 2772 importunum
1645 2692 1879 2754 incidit.
1916 2693 2120 2754 Sermo
2153 2693 2238 2754 illi
2286 2693 2513 2754 interea
2550 2700 2797 2754 ornatur
2831 2692 3014 2763 varie,

776 2791 880 2853 sed
917 2798 977 2852 et
1030 2790 1105 2852 ad
1161 2790 1518 2860 satietatem,
1565 2790 1647 2851 ita
1684 2797 1755 2852 ut
1815 2791 1876 2852 in
1956 2790 2385 2853 obscuritatem
2444 2791 2720 2852 trahatur
2777 2789 3017 2851 auditor

781 2887 1121 2970 (ἀκροατής).
1160 2889 1450 2968 Loquitur
1479 2889 1842 2950 sententiose
1876 2889 2255 2969 plerumque,
2288 2897 2348 2950 at
2384 2909 2502 2951 non
2538 2888 2919 2950 incommode
2952 2909 3007 2948 )).

781 2987 866 3047 lta
894 2985 1138 3048 Photius
1165 2985 1242 3046 ad
1271 2983 1538 3066 ἀκροατὰς
1569 3005 1733 3047 suos·

858 3085 1009 3147 Illud
1041 3084 1117 3146 ad
1145 3085 1274 3145 haec
1319 3083 1759 3145 animadvertas
1799 3085 1980 3146 velim
2058 3085 2121 3147 in
2165 3085 2513 3166 Myriobiblo
2565 3085 2849 3147 Photiano
2903 3102 3021 3145 non

778 3203 970 3246 unum
1039 3183 1234 3244 inesse
1294 3179 1646 3262 ἁναγνώσεων
1699 3201 1916 3263 genus.
1982 3183 2131 3245 Hinc
2171 3183 2450 3245 videlicet
2499 3184 2727 3264 profert
2777 3182 3023 3244 Photius

780 3289 1128 3362 argumenta
1190 3280 1488 3341 librorum
1547 3299 1699 3360 quos
1761 3281 2019 3360 contigit
2086 3282 2150 3342 in
2205 3282 2523 3362 praesentia
2584 3281 3023 3361 discipulorum

783 3379 1048 3458 recitari,
1081 3385 1139 3440 et
1174 3380 1305 3439 haec
1348 3378 1475 3457 ipsa
1526 3386 1881 3458 argumenta
1910 3379 2035 3440 edit
2058 3388 2235 3458 prout
2264 3385 2300 3460 ἡ
2347 3385 2544 3460 μνήμη
2576 3381 2847 3440 διέσωσεν.
2882 3378 3024 3439 lude

783 3496 920 3539 vero
949 3476 1268 3557 ampliores
1322 3475 1512 3536 multo
1540 3476 1837 3538 librorum
1900 3477 2142 3538 notitias
2172 3484 2352 3558 atque
2388 3497 2459 3538 ex
2510 3477 2660 3557 ipsis
2712 3475 3023 3538 codicibus

788 3575 934 3655 (κατ’
958 3571 1202 3633 αὐτὰτὰ
1236 3573 1439 3654 τεύχη)
1486 3572 1817 3653 descriptas
1847 3574 1909 3634 in
1940 3574 2131 3635 forma
2160 3581 2575 3655 excerptorum
2622 3593 2730 3635 seu
2760 3574 3020 3652 ἐκλογῶν.

783 3670 1030 3735 Photius
1063 3676 1379 3749 postquam
1439 3679 1861 3751 argumentum
1908 3672 2047 3734 libri
2106 3673 2167 3732 in
2224 3674 2525 3740 ὑποθέσεως
2551 3731 2557 3736 ,
2582 3673 2771 3734 forma
2814 3669 3023 3739 edidit,

787 3789 904 3830 non
939 3769 1301 3848 dedignatur
1343 3767 1562 3829 iterum
1587 3788 1867 3831 revocare
1898 3771 2183 3833 lectorem
2238 3791 2417 3832 suum
2446 3771 2508 3831 in
2538 3776 2812 3834 auctores
2854 3774 3025 3830 antea

786 3868 1086 3937 recitatoS‚
1119 3873 1179 3926 et
1207 3865 1504 3937 notitiam,
1538 3885 1718 3946 quam
1760 3869 2229 3932 transcurrendo
2266 3869 2437 3950 prius
2466 3868 2639 3950 quasi
2682 3865 3029 3928 memoriter

785 3964 1038 4045 redegit,
1099 3964 1380 4025 secundis
1431 3965 1595 4026 curis
1645 3965 1933 4044 ampliare
1957 4011 1973 4037 ,
2033 3967 2264 4029 scilicet
2316 3965 2685 4048 excerpendo
2742 3983 2849 4026 seu
2903 3965 3028 4023 κατ’

787 4065 1039 4144 ἐκλογήν.
1099 4062 1358 4141 Exempli
1433 4063 1644 4142 gratia,
1700 4063 1938 4124 loannis
1996 4064 2340 4144 Philoponis
2404 4062 2901 4126 commentarium
2965 4060 3028 4120 in

789 4161 1187 4223 Hexaemeron
1212 4160 1355 4228 hinc
1379 4167 1649 4222 recenset
1668 4161 1827 4241 (cod.
1850 4161 1971 4240 45),
1999 4161 2139 4223 inde
2164 4169 2363 4224 autem
2394 4160 2658 4241 excerpit
2676 4160 2835 4240 (cod.
2860 4157 3025 4230 240).

788 4257 1179 4320 Philostratus
1208 4258 1418 4319 eodem
1445 4257 1621 4340 modo
1661 4258 1805 4320 hinc
1834 4267 2183 4321 recensetur
2237 4260 2393 4342 (cod.
2438 4259 2563 4338 44),
2606 4257 2746 4318 inde
2775 4255 3037 4337 excerpi·

789 4363 890 4417 tur
927 4356 1085 4436 (cod.
1124 4355 1290 4434 241).
1324 4355 1612 4417 Similiter
1640 4357 2113 4434 Agatharchides
2151 4359 2306 4439 (cod.
2340 4358 2456 4418 ‘215
2500 4364 2558 4419 et
2587 4355 2755 4435 250),
2798 4372 3029 4416 necnon

791 4451 1090 4518 Hierocles
1125 4453 1278 4530 (cod.
1317 4452 1434 4513 214
1470 4451 1720 4532 01251).
