3484 5650
1103 622 1476 682 QUAEs‘rtoNfis
1509 621 2041 673 PHILOSTORGIANAE.
2620 624 2678 674 51

529 745 726 806 Genus
755 741 904 804 illud
939 748 1352 821 excerptorum
1382 739 1613 800 humile
1642 758 1835 819 genus
1875 738 1994 799 suit
2027 738 2388 810 litterarum,
2420 740 2685 803 solemne

453 830 593 903 vero
645 860 759 903 nec
823 840 938 901 vile
993 838 1404 919 grammaticis
1469 836 1577 899 aevi
1637 836 1965 916 Byzantini‚
2020 836 2357 916 praesertim
2416 839 2558 899 noni
2628 848 2687 901 et

450 939 668 1002 decimi
705 938 932 1001 saeculi.
981 936 1402 999 Constantinus
1434 934 1782 1018 imperator·
1810 934 2350 1014 porphyrogenitus
2393 933 2688 998 similium

452 1043 865 1117 excerptorum
910 1042 1120 1097 auctor
1151 1033 1337 1095 evasit
1367 1052 1483 1093 non
1514 1031 1820 1113 ignobilis,
1852 1032 1955 1093 Cui
1990 1037 2151 1094 certe
2194 1052 2314 1093 non
2344 1034 2507 1095 cedit
2536 1035 2691 1097 Pho-

451 1135 572 1197 tius
589 1134 948 1215 patriarcha.
981 1134 1168 1194 Immo
1199 1132 1424 1211 eclogae
1448 1130 1747 1191 Photianae
1776 1128 2345 1209 grammatici-haud
2368 1132 2691 1194 mediocris

452 1232 676 1313 ingenii
709 1250 976 1311 unguem
1005 1230 1309 1291 exhibent.
1342 1231 1667 1290 Auctorum
1703 1246 1919 1310 nempe
1951 1225 2075 1294 τοὺς
2109 1229 2460 1307 ὡραιοτὲρους
2499 1232 2691 1310 λόγους

454 1330 697 1394 Photius
711 1336 883 1391 acute
924 1329 1137 1409 selegit
1174 1335 1234 1388 et
1273 1328 1357 1388 ita
1395 1328 1874 1408 περιηνθισμὲνους
1894 1322 1982 1385 διὰ
2010 1334 2112 1404 τῆς
2128 1327 2358 1406 ἐκλογῆς
2388 1326 2451 1387 in
2490 1328 2695 1389 chres-

453 1428 807 1490 tomathiam
862 1446 1030 1488 suam
1086 1424 1435 1487 introducit.
1481 1426 1694 1504 Atque,
1754 1429 1824 1484 ut
1876 1430 1969 1484 est
2014 1422 2406 1484 historiarum
2454 1432 2514 1487 et
2552 1426 2694 1489 doc·-

453 1527 750 1589 trinarum
778 1531 837 1586 et
866 1524 958 1585 vel
1005 1524 1340 1586 fabularum
1375 1521 1825 1584 curiosissimus
1857 1520 2194 1600 indagator,
2224 1521 2434 1583 ’ἑκδοσιν
2487 1519 2697 1604 ἀποθη-

455 1628 687 1705 σαυρίζει
715 1622 1085 1684 mirabilium
1114 1629 1172 1682 et
1228 1622 1524 1682 rariorum
1553 1622 1751 1700 λόγων.
1788 1620 2020 1698 Eclogae
2051 1620 2351 1681 Photianae
2387 1622 2695 1684 hominem

456 1723 655 1804 politae
683 1720 920 1801 phrasis
953 1720 1267 1789 exhibent3
1315 1717 1620 1779 interdum
1687 1724 1887 1778 tamen
1938 1716 2275 1779 defectibus
2333 1726 2392 1780 et
2434 1721 2693 1792 mendis,

460 1818 835 1881 anacoluthis
869 1823 928 1877 et
960 1816 1224 1877 hiatibus
1255 1816 1546 1885 laborant,
1581 1812 1755 1893 quasi
1787 1814 2191 1894 processerint
2216 1835 2333 1877 non
2364 1823 2483 1877 tam
2518 1837 2550 1878 e
2576 1826 2702 1880 stu-

461 1918 630 1980 dioso
683 1914 1002 1977 scribentis
1048 1915 1298 1984 calamo,
1331 1931 1515 1994 quam
1553 1933 1624 1974 ex
1656 1912 1913 1992 abrupto
1955 1912 2264 1974 recitantis
2294 1915 2555 1994 eloquio,
2588 1936 2697 1978 seu

463 2012 570 2075 ἀπὸ
599 2024 783 2097 (ρων-ῆς
811 2012 1185 2093 grammatici
1211 2012 1274 2072 in
1305 2011 1506 2072 schola
1536 2010 1827 2072 docentis,
1863 2012 2189 2089 Excerptor
2209 2010 2471 2091 denique
2492 2032 2698 2075 vocem

466 2133 583 2175 non
629 2098 782 2173 'raro
811 2110 990 2180 tollit,
1024 2116 1092 2171 ut
1142 2109 1282 2171 libri
1317 2109 1577 2190 excerpti
1631 2108 1969 2169 doctrinam
2022 2109 2320 2189 vituperet
2347 2112 2438 2171 vel
2471 2110 2696 2183 laudet,

463 2211 628 2281 λέξεις
689 2215 876 2279 notet,
937 2207 1262 2270 sententias
1319 2207 1477 2267 inter
1545 2225 1608 2267 se
1670 2207 1961 2276 conserat,
2022 2208 2509 2270 commentatoris
2565 2211 2701 2290 plus

466 2327 647 2388 quam
677 2306 1042 2385 excerptoris
1068 2323 1384 2384 personam
1415 2323 1620 2384 agens.
1665 2305 1728 2365 In
1752 2305 1913 2365 hunc
1946 2304 2193 2366 modum
2224 2306 2457 2387 ἐκλογὴν
2488 2307 2705 2389 ’ἐδρεψεν

469 2408 529 2465 ἐκ
562 2416 672 2465 τῶν
726 2394 986 2484 Eulogii,
1041 2402 1384 2483 Ephraemii‚
1433 2402 1718 2482 Stephani
1762 2402 1999 2473 Gobari,
2039 2403 2345 2475 Methodii,
2399 2405 2702 2478 Aristidis,

467 2503 862 2581 aliorumque,
897 2500 1054 2562 inter
1079 2520 1230 2580 quos
1260 2500 1722 2579 Philostorgium
1753 2499 1935 2560 addas
1971 2500 2174 2561 velim.

546 2600 636 2663 Ad
681 2618 789 2660 nos
841 2599 1000 2661 enim
1039 2598 1310 2680 pervenit
1337 2597 1536 2677 ἐκλογὴ
1570 2616 1676 2658 Seu
1725 2596 1962 2678 ἐπιτομὴ
2000 2600 2059 2658 ἐκ
2088 2610 2197 2657 τῶν
2240 2601 2708 2679 ἑκκλησιαστικῶν

476 2704 721 2779 ἱστοριῶν
762 2698 1180 2776 Φιλοστοργιόυ,
1214 2715 1347 2777 quae
1381 2696 1606 2757 dicitur
1641 2696 1827 2756 fuisse
1861 2703 2095 2756 exarata
2126 2692 2233 2755 ἀπὸ
2264 2707 2446 2779 φωνῆς
2483 2702 2709 2759 Φωτίου

477 2796 836 2876 πατριάρχου.
873 2794 1073 2876 Neque
1103 2793 1326 2856 iniuria
1358 2794 1564 2856 Photio
1607 2800 2013 2874 nuncupatur.
2048 2794 2280 2856 Etenim
2328 2794 2487 2858 dicta
2511 2796 2711 2878 ἐκλογὴ

479 2894 716 2956 redacta
757 2894 874 2954 fuit
908 2892 1117 2954 eadem
1160 2911 1408 2972 prorsus
1456 2891 1739 2953 methodo
1774 2911 1844 2953 ac
1886 2900 2113 2955 caeterae
2149 2893 2448 2956 Photianae
2496 2896 2714 2976 ἐκλογαὶ

478 3010 626 3072 quas
663 3010 842 3072 supra
887 2991 1236 3052 memoravi.
1280 2991 1698 3070 Excerptorem
1736 2990 1940 3070 prodit
1971 2991 2345 3052 mirabilium
2381 2993 2710 3065 curiosum,

477 3089 942 3151 orthodoxarum
1001 3088 1435 3149 sententiarum
1489 3087 1739 3158 zeloten,
1792 3107 1997 3149 rerum
2060 3089 2602 3152 ecclesiasticarum
2659 3098 2719 3152 et

479 3186 750 3249 civilium
813 3185 1083 3266 apprime
1147 3185 1507 3247 studiosum.
1569 3187 1831 3247 Moratur
1891 3186 1952 3246 in
2012 3186 2341 3248 enarranda
2403 3187 2714 3268 Theophili

480 3285 776 3367 legatione
827 3284 904 3345 ad
958 3284 1287 3345 Homeritas
1330 3291 1388 3344 et
1436 3284 1787 3346 Auxumitas
1824 3284 1939 3364 (ΙΙΙ,
1982 3283 2042 3354 4,
2089 3283 2169 3359 6),
2225 3284 2284 3344 in
2322 3285 2721 3365 depingendis

483 3383 843 3444 animalibus
899 3381 1279 3444 orientalium
1311 3381 1575 3462 partium
1623 3382 1736 3458 (ΠΙ,
1781 3381 1902 3458 11),
1942 3382 2002 3442 in
2028 3382 2287 3461 paradisi
2344 3383 2465 3444 situ
2518 3384 2724 3464 requi-

486 3480 672 3542 rendo
727 3481 842 3560 (ΙΙΙ,
887 3479 1006 3550 10),
1071 3479 1133 3540 in
1164 3480 1456 3562 portentis
1490 3485 1549 3540 et.
1602 3479 1894 3560 prodigiis
1950 3480 2407 3559 magnificandis
2442 3481 2530 3560 (Χ,
2572 3482 2609 3542 9
2665 3488 2725 3543 et

489 3579 593 3649 11;
645 3579 764 3646 XII.
809 3579 844 3638 8
884 3585 939 3639 et
983 3577 1068 3657 9).
1117 3577 1348 3664 Sedulo⁴
1381 3585 1545 3640 notat
1595 3577 1895 3658 quidquid
1944 3584 2149 3640 contra
2199 3579 2380 3641 fidem
2426 3579 2725 3642 Nicaenam

490 3683 518 3736 ὃ
539 3675 806 3757 δυσσεὸἡς
835 3675 1273 3756 philostorgius
1301 3676 1530 3757 profert
1558 3684 1621 3737 et
1651 3684 1857 3738 contra
1887 3676 2251 3738 orthodoxos
2278 3685 2475 3758 patres
2503 3679 2731 3739 calum-

491 3775 710 3836 niatur.
745 3775 861 3836 Nec
895 3774 1121 3836 interea
1153 3774 1405 3854 negligit
1433 3774 1731 3854 quidquid
1778 3775 2165 3836 insolentium
2210 3774 2459 3837 laudum
2508 3794 2728 3856 conge-

436 3879 438 3881 ’
492 3871 571 3933 rit
613 3871 676 3933 in
705 3871 924 3932 arianae
948 3870 1131 3950 partis
1163 3879 1508 3935 sectatoreS.
1555 3872 1722 3935 Haud
1748 3872 2027 3934 dissimili
2078 3872 2307 3934 ratione
2336 3892 2405 3934 ac
2457 3873 2518 3933 in
2546 3873 2730 3952 pluri-

495 3969 613 4032 bus
654 3969 992 4050 Myriobibli
1020 3969 1264 4050 eclogiS.
