3484 5650
743 658 774 705 6
1395 658 1765 713 QUAEsTloxsss
1796 659 2327 709 Pultosmucunffi.

744 774 960 853 potuit,
993 774 1336 854 quibusque
1382 774 1869 835 christianismus
1906 775 2021 835 iste
2066 775 2417 837 dialecticus
2448 778 2719 858 apprime
2745 781 2985 860 placere
3088 816 3093 821 ·

744 880 921 933 natus
955 872 1112 933 erat!

823 972 951 1031 Mox
976 990 1116 1031 vero
1159 970 1318 1030 inter
1362 970 1638 1030 Homoeos
1665 977 1726 1031 et
1757 972 2076 1031 Anomoeos
2107 971 2328 1031 acriter
2362 972 2721 1035 dimicatum
2766 984 2877 1037 est.
2922 977 2985 1039 Si

742 1068 928 1139 enim,
961 1068 1161 1129 Sirmii
1191 1069 1282 1147 (A.
1316 1068 1484 1143 557),
1506 1067 1646 1127 fidei
1667 1068 1926 1128 formula
1956 1068 2030 1127 ab
2052 1070 2295 1129 Ursacio
2324 1077 2382 1129 et
2412 1071 2654 1132 Valente
2677 1074 2985 1153 proposita

740 1167 982 1227 videtur
1010 1166 1208 1226 favere
1247 1166 1536 1227 doctrinae
1565 1166 2013 1233 Anomoeorum,
2046 1168 2365 1229 Anomoeos
2409 1187 2443 1228 e
2476 1178 2687 1231 contra
2733 1172 2983 1233 anathe-

741 1272 898 1325 mate
926 1265 1135 1343 plectit
1166 1263 1425 1343 synodus
1447 1267 1695 1343 Ancyrae
1735 1264 2064 1324 Constantii
2104 1264 2487 1343 imperatoris
2514 1268 2807 1347 auspiciis
2834 1288 2983 1330 con-

739 1379 980 1451 gregata
1015 1373 1103 1451 (A.
1131 1370 1297 1448 558).
1325 1370 1547 1430 Deinde
1571 1370 1858 1430 Seleuciae
1883 1370 2147 1449 primum
2166 1372 2254 1447 (A.
2278 1372 2448 1450 559),
2474 1374 2983 1455 Constantinopoli

741 1472 962 1529 iterum
993 1469 1080 1541 (A.
1105 1468 1266 1545 560),
1297 1469 1684 1528 Homoeorum
1715 1467 1897 1527 factio
1923 1468 2140 1528 Acacio
2168 1468 2322 1529 duce
2350 1469 2665 1531 victoriam
2693 1472 2985 1553 adipisci-

741 1574 840 1627 tur
868 1588 884 1625 :
939 1565 1262 1627 Constantii
1292 1572 1526 1645 rogatu,
1555 1566 1765 1625 ordine
1799 1584 1909 1625 suo
1936 1566 2199 1627 deicitur
2218 1566 2456 1637 Aetius;
2494 1568 2795 1631 Eudoxius
2828 1572 2983 1633 Con-

739 1664 1279 1743 stantinopolitanae
1334 1664 1627 1733 ecclesiae,
1671 1664 2004 1724 Eunomius
2045 1665 2345 1744 Cyzicenae
2399 1668 2835 1745 praeficiuntur,
2878 1670 2983 1730 sed

739 1769 876 1841 post
903 1762 1256 1840 abnegatam
1291 1781 1462 1822 suam
1490 1761 1851 1823 doctrinam.
1878 1794 1960 1807 —
1985 1762 2192 1822 Postea
2220 1763 2467 1823 demum
2502 1765 2686 1844 (circa
2713 1768 2780 1827 A.
2811 1768 2978 1846 565),

738 1860 853 1921 sub
873 1860 1108 1921 loviano
1130 1859 1422 1939 principe,
1441 1856 1722 1919 'Anomoei
1747 1859 1821 1919 ab
1846 1860 2099 1920 ecclesia
2128 1862 2370 1939 penitus
2390 1862 2483 1922 vel
2503 1865 2985 1925 exterminantur

738 1960 833 2018 vel
885 1959 1232 2019 recedunt¹.
1283 1958 1424 2018 Inde
1487 1962 1562 2017 ad
1621 1957 1938 2017 Theodosii
1988 1976 2243 2036 regnum
2286 1959 2477 2037 (579),
2530 1961 2771 2022 Valente
2820 1964 2983 2023 haud

738 2057 1116 2135 prohibente,
1158 2074 1300 2115 suos
1338 2056 1606 2115 habuere
1647 2057 1983 2135 episcopoS,
2030 2074 2211 2120 suum
2250 2056 2503 2126 clerum,
2550 2077 2656 2119 sua
2698 2060 2977 2121 oratoria.

743 2155 995 2233 Utraque
1024 2153 1228 2233 Libya,
1259 2154 1566 2233 AEgyptuS,
1622 2153 1936 2223 Palestina,
1968 2153 2307 2233 Coelesyria,
2333 2154 2561 2225 Cilicia,
2592 2156 2980 2237 Cappadocia,

739 2252 985 2321 Galatia,
1017 2250 1218 2332 Lydia,
1257 2250 1800 2329 Constantinopolis
1826 2250 2079 2311 totidem
2118 2252 2497 2312 eunomianae
2530 2254 2799 2313 ecclesiae
2832 2255 2983 2314 dioe-

741 2368 908 2410 ceses
946 2368 1206 2409 evasere.
1257 2350 1381 2409 Non
1437 2348 1853 2409 tantummodo
1898 2367 2007 2409 sua
2045 2348 2345 2428 dogmata,
2386 2349 2490 2410 sed
2536 2356 2596 2411 et
2642 2370 2783 2411 suos
2826 2353 2983 2413 ritus

739 2447 1054 2508 habuere:
1117 2448 1311 2526 legem
1366 2445 1676 2524 antiquam
1729 2445 2105 2525 baptismatis
2157 2454 2513 2516 evertenteS,
2556 2447 2823 2510 dicentes
2860 2468 2981 2510 non

740 2552 1012 2625 oportere
1036 2544 1151 2605 nisi
1187 2545 1370 2605 semel
1399 2544 1759 2623 immergere
1786 2544 1961 2604 illum
1985 2544 2090 2623 qui
2124 2544 2478 2624 baptizatur,
2517 2545 2884 2625 baptizantes
2918 2548 2979 2607 in

741 2643 956 2705 Christi
994 2649 1271 2704 mortem.
1323 2662 1350 2702 «
1385 2642 1600 2703 Rident
1632 2642 1708 2702 de
1741 2642 2020 2720 reliquiis
2051 2650 2405 2721 martyrum,
2444 2643 2735 2704 exclamat
2772 2645 2981 2707 Hiero-

740 2761 985 2821 nymus3
1037 2740 1318 2802 basilicas
1361 2740 1769 2820 apostolorum
1816 2748 1876 2801 et
1919 2747 2253 2821 martyrum
2286 2758 2407 2801 non
2436 2740 2867 2820 ingrediuntur
2912 2764 2978 2814 »3

740 2841 1070 2900 Catholicos
1125 2840 1425 2918 appellant
1485 2839 1815 2899 cinerarios
1876 2845 1935 2898 et
1988 2839 2398 2899 idololatras²l
2448 2875 2530 2884 -
2587 2841 2675 2901 Ab
2724 2841 2847 2912 his,
2898 2843 2980 2905 ait

738 2938 1119 3017 SozomenuS,
1146 2936 1309 2997 omni
1340 2943 1506 3016 parte
1533 2956 1559 2995 «
1599 2935 1811 3016 religio
1840 2943 2043 2996 nostra
2069 2956 2187 2996 non
2208 2936 2598 2998 mediocriter
2628 2940 2981 3001 conturbata

739 3035 876 3096 suit.
910 3037 1091 3096 Acres
1128 3035 1285 3095 enim
1322 3035 1543 3094 fiebant
1575 3033 2038 3112 disputationes,
2072 3035 2425 3114 novitasque
2450 3036 2710 3097 maxime
2733 3037 2984 3100 florebat

739 3133 963 3214 quippe
1005 3151 1142 3212 quae
1176 3132 1422 3193 haberet
1452 3139 1781 3193 assertores
1808 3151 1926 3192 non
1958 3133 2191 3212 vulgari
2226 3132 2498 3194 doctrina
2534 3135 2838 3214 praeditos,
2870 3138 2977 3207 Ac,

740 3251 872 3292 meo
902 3231 1150 3311 quidem
1179 3230 1429 3300 iudicio,
1468 3230 1789 3310 plerosque
1831 3250 1904 3290 ex
1939 3231 2264 3292 Catholicis
2312 3231 2373 3291 in
2414 3251 2584 3292 suam
2623 3235 2981 3295 sententiam

738 3329 1187 3408 pertraxissent,
1226 3319 1341 3388 nisi
1373 3327 1626 3388 Basilius
1651 3334 1711 3388 et
1737 3328 2061 3407 Gregorius
2086 3326 2458 3408 cappadoces
2487 3347 2618 3390 sese
2642 3329 2765 3391 illis
2800 3351 2985 3410 oppo-

741 3428 1024 3497 suissent,
1074 3446 1142 3488 ac
1179 3427 1294 3487 nisi
1337 3426 1710 3487 Theodosius
1758 3426 2088 3506 imperator
2121 3427 2415 3506 impetum
2456 3427 2702 3488 illorum
2744 3448 2982 3509 repres-

742 3525 939 3594 sisset,
983 3525 1262 3604 ipsosque
1299 3525 1597 3585 haereseos
1643 3530 1920 3585 auctores
1962 3544 2031 3584 ex
2070 3525 2502 3585 amoenioribus
2542 3524 2693 3586 locis
2740 3527 3004 3612 imperii·

741 3622 972 3682 romani
1004 3623 1065 3681 in
1100 3622 1376 3702 regiones
1405 3622 1670 3682 desertas
1698 3628 1758 3682 et
1790 3622 2094 3700 squalidas
2122 3623 2526 3702 deportasset-³
2559 3644 2613 3684 i).

817 3720 1104 3781 Defuncto
1135 3720 1297 3780 enim
1325 3721 1566 3781 Valente
1595 3720 1956 3801 imperatore
1994 3727 2052 3781 et
2086 3727 2219 3800 post
2246 3720 2593 3781 restitutam
2631 3721 2694 3782 in
2724 3721 2983 3783 Orientis

741 3818 1014 3896 partibus
1032 3819 1390 3879 catholicam
1413 3818 1593 3879 iidem
1614 3837 1761 3879 cura
1784 3818 1992 3898 synodi
2010 3818 2671 3898 Constantinopolitanae
2692 3822 2785 3899 (A.
2816 3820 2975 3900 581),

738 3917 1119 3978 Ilomoeorum
1155 3924 1315 3978 secta
1351 3935 1468 3977 non
1508 3917 1866 3996 comparuit.
1900 3919 1970 3978 At
1995 3919 2419 3977 Anomoeorum
2448 3916 2698 3977 ecclesia
2728 3936 2846 3978 non
2872 3918 2975 3978 ita.

635 4079 638 4083 .
737 4019 1016 4080 Admiror
1055 4027 1348 4098 quantum
1399 4020 1463 4080 in
1507 4019 1649 4080 illos
1688 4018 2059 4080 Theodosius
2097 4019 2424 4098 imperator
2469 4019 2747 4090 saevierit,
2795 4019 2875 4082 ita
2911 4027 2981 4080 ut

740 4118 827 4196 (A.
857 4116 999 4197 581)
1030 4117 1381 4197 praeceperit
1417 4138 1442 4177 «
1483 4117 1718 4177 nullum
1749 4117 2261 4177 Eunomianorum
2294 4123 2471 4196 atque
2505 4116 2862 4177 Arianorum
2890 4116 2979 4178 vel

738 4233 809 4274 ex
838 4215 1113 4296 dogmate
1135 4215 1287 4277 Aetii
1310 4215 1373 4275 in
1402 4214 1747 4276 civitatibus
1780 4215 1873 4274 vel
1898 4215 2059 4295 agris
2081 4214 2561 4276 fabricandarum
2588 4214 2979 4276 ecclesiarum

800 4374 848 4423 1.
879 4376 934 4423 Η.
968 4374 1210 4432 Gwatkin,
1255 4376 1354 4424 The
1385 4374 1548 4424 Arian
1571 4379 1909 4440 controversy,
1940 4389 1989 4440 p.
2016 4376 2125 4426 120.

801 4444 846 4491 2.
883 4445 1179 4502 Theodoret,
1211 4447 1409 4503 Haeret„
1440 4447 1512 4504 lv,
1541 4447 1587 4494 5.
1615 4446 1923 4509 Hieronym..
1956 4447 2141 4496 Contra
2178 4447 2438 4512 Viqilant„
2464 4449 2510 4496 8.

800 4515 848 4564 5.
885 4515 1160 4572 Sozomeu.,
1197 4517 1267 4572 vl,
1299 4518 1376 4565 26.
