3484 5650
1129 627 1501 686 QUAESTIONES
1536 627 2070 679 PHILOSTORGIANAE.
2657 629 2717 678 2⁷

558 745 766 806 Utrum
820 742 1165 805 adhibuerit
1222 762 1297 805 an
1354 763 1473 804 non
1534 743 1953 806 collectionem
2015 751 2287 807 actorum
2345 744 2720 825 synodalium

479 861 660 923 quam
696 841 945 922 digessit
984 839 1263 912 SabinuS,
1312 841 1742 904 Macedonianae
1795 842 1983 922 partis
2023 842 2372 914 historicuS,
2421 861 2722 922 quamque

478 942 746 1002 Socrates
790 945 993 1001 noster
1029 938 1248 1019 saepius
1286 939 1499 1001 recitat
1537 946 1597 1000 et
1641 941 1933 1011 confutat,
1979 940 2131 1000 mihi
2180 946 2557 1019 compertum
2603 959 2720 1000 non

477 1044 588 1099 est.
617 1037 925 1098 Interdum
955 1044 1151 1098 tamen
1183 1036 1507 1099 laudantur
1546 1056 1579 1098 a
1625 1037 2022 1117 Philostorgio
2064 1040 2208 1099 Acta
2249 1037 2466 1118 synodi,
2506 1037 2726 1118 Arimi-

476 1135 680 1197 nensis
716 1136 829 1215 (lv,
865 1134 980 1210 103
1012 1135 1078 1204 X,
1113 1133 1197 1215 2).
1238 1136 1383 1196 ltem
1407 1135 1552 1196 Acta
1590 1135 1800 1215 synodi
1836 1135 2256 1206 SeleuciensiS‚
2303 1134 2525 1196 additis
2566 1135 2724 1215 epis-

477 1234 615 1296 tolis
646 1233 897 1295 Eudoxii
928 1240 987 1294 et
1011 1232 1164 1294 Aetii
1197 1233 1309 1310 (lv,
1341 1234 1461 1312 11).
1482 1235 1628 1295 Item
1653 1233 1800 1294 Acta
1832 1233 2042 1315 synodi
2062 1233 2720 1312 Constantinopolitanae

481 1332 570 1411 (A.
613 1330 751 1410 560)
794 1331 869 1392 ab
911 1330 1123 1393 Acacio
1165 1331 1395 1410 digesta
1429 1351 1499 1392 ac
1546 1330 1836 1412 disposita
1893 1332 2003 1411 (lv,
2058 1331 2175 1403 123
2221 1333 2288 1401 X,
2335 1331 2422 1410 2).
2471 1332 2723 1411 Insuper

480 1448 829 1491 enumerare
858 1435 949 1490 est
978 1429 1226 1491 Eudoxii
1256 1429 1541 1509 epistulas
1569 1431 1701 1510 (Vll,
1744 1431 1813 1504 53
1851 1431 1989 1501 vul,
2034 1429 2090 1510 7)
2125 1437 2186 1491 et
2221 1428 2551 1509 Demophili
2591 1449 2722 1490 ora-

482 1527 675 1589 tiones
702 1547 809 1588 seu
835 1526 1298 1588 commentarios
1329 1527 1447 1609 (ap.
1478 1527 1750 1600 Suidam,
1783 1547 1832 1589 s,
1867 1547 1924 1588 v.
1950 1528 2314 1610 Δημόφιλος).

558 1625 860 1686 Athanasii
886 1624 1130 1686 demum
1160 1624 1345 1685 libros
1370 1625 1605 1705 ignorat
1629 1625 2082 1705 philostorgius,
2111 1627 2184 1687 At
2214 1625 2418 1688 Basilii
2441 1624 2634 1705 Magni
2663 1630 2723 1685 et

480 1721 748 1803 Gregorii
776 1721 1116 1783 Nazianzeni
1156 1739 1338 1800 opera
1373 1721 1558 1792 varia,
1596 1722 1900 1802 praecipue
1930 1741 2070 1784 vero
2105 1730 2396 1785 tractatus
2439 1723 2724 1785 adversus

482 1819 840 1881 Eunomium
888 1819 1024 1897 (vll,
1079 1817 1302 1900 11-12),
1374 1837 1607 1880 necnon
1655 1819 2018 1898 Apollinaris
2069 1821 2384 1882 Laodiceni
2438 1826 2724 1882 tractatus

483 1924 687 1980 contra
714 1917 993 1978 eumdem
1018 1923 1078 1978 et
1107 1923 1314 1978 contra
1345 1917 1739 1998 Porphyrium
1769 1918 2040 1979 nominat
2071 1918 2238 1998 (Vlll,
2279 1917 2517 1998 12-14).
2716 1907 2720 1912 ’

563 2015 651 2076 Hi·
683 2015 929 2094 quidem
990 2015 1183 2076 fontes
1252 2021 1393 2076 sunt
1462 2016 1633 2076 bonae
1698 2022 1854 2078 notae
1878 2061 1894 2086 ,
1951 2022 2011 2077 et
2080 2016 2438 2078 historicum
2496 2015 2727 2079 faciunt

482 2113 749 2174 melioris
779 2113 996 2193 frugis.
1034 2112 1113 2173 Ex
1143 2112 1241 2173 his
1270 2113 1433 2173 enim
1460 2131 1658 2174 mores
1696 2120 1757 2174 et
1779 2114 2032 2175 consilia
2068 2121 2128 2176 et
2159 2114 2436 2176 instituta
2466 2121 2526 2176 et
2558 2121 2725 2195 gesta

482 2229 603 2273 suae
630 2211 819 2290 partis
853 2210 1288 2291 philostorgius
1322 2210 1472 2272 scite
1507 2211 1675 2273 novit
1700 2218 1762 2272 et
1781 2212 1929 2274 scite
1959 2212 2154 2274 docet.
2189 2215 2384 2294 Apage
2415 2211 2728 2293 scriptoris

482 2309 814 2371 calumnias
842 2328 993 2389 quas
1036 2308 1283 2388 quidem
1324 2316 1531 2370 notare
1574 2309 1750 2371 facile
1783 2309 1895 2372 tibi
1927 2317 2018 2372 est
2051 2332 2066 2370 :
2112 2317 2174 2372 at
2215 2311 2562 2374 testimonia
2599 2311 2757 2373 haec·

482 2407 691 2469 sedulo
737 2407 961 2487 recipe.
1012 2406 1210 2468 Rebus
1253 2406 1681 2469 ecclesiasticis
1713 2409 1911 2488 quarti
1956 2409 2160 2472 saeculi
2196 2410 2310 2471 rite
2359 2408 2724 2481 iudicandiS,

482 2505 921 2576 discernendiS,
954 2505 1302 2584 probandiS‚
1343 2525 1459 2566 non
1491 2524 1703 2586 parum
1733 2507 2054 2578 conferunt
2085 2509 2375 2570 veritatis,
