3484 5650
1118 679 1491 736 QUAES'HONES
1524 680 2055 731 runosronfflAuAE.
2672 652 2703 729 o

463 796 794 874 praesertim
832 796 940 857 581
986 796 1204 857 habitae
1241 804 1411 867 sunt;
1455 804 1526 877 ut
1561 798 1753 859 laicus
1780 798 1941 859 circa
1980 798 2296 859 diuturnas
2325 798 2432 859 has
2470 798 2704 878 episco-

463 911 677 973 porum
707 894 1040 955 discordias
1072 895 1369 956 iudicium
1402 895 1616 966 terren
1662 903 1731 957 ut
1776 917 1800 955 «
1835 898 2047 957 atheus
2071 917 2098 957 »
2133 914 2229 958 res
2268 896 2705 957 ecclesiasticas

463 1002 524 1057 et
547 995 913 1077 theologicas
933 998 1341 1059 conscriberet
1372 1016 1630 1077 quarum
1653 998 1967 1081 materiam
1984 1000 2255 1080 apprime
2278 1006 2542 1060 noverat.
2566 1001 2706 1061 Post

462 1093 808 1155 exhaustam
849 1102 1034 1156 totam
1069 1096 1491 1157 discriminum
1525 1115 1790 1167 causam,
1829 1104 1964 1176 post
2004 1097 2317 1159 defunctos
2361 1103 2706 1159 controver-

463 1191 688 1252 siarum
715 1198 1011 1261 auctoreS,
1042 1192 1326 1271 cuiquam
1355 1193 1511 1254 nihil
1541 1192 1873 1256 debebatur
1896 1194 2012 1254 nisi
2034 1213 2238 1255 severa
2268 1201 2324 1255 et
2353 1194 2702 1273 incorrupta

462 1289 702 1350 veritas·

541 1386 1011 1467 Philostorgiana
1054 1395 1253 1448 tamen
1301 1387 1553 1449 historia
1592 1408 1711 1449 non
1739 1396 1831 1450 est
1869 1389 1986 1450 nisi
2016 1389 2296 1469 purgatio
2334 1388 2609 1450 Eunomii
2644 1395 2704 1449 et

464 1485 834 1546 eunomianae
865 1486 1052 1565 partis
1089 1486 1377 1565 apologia.

551 1582 948 1663 Philostorgio
999 1584 1284 1645 videlicet
1341 1584 1698 1646 eunomiana
1757 1584 2029 1646 doctrina
2087 1585 2347 1646 nobilem
2405 1585 2699 1664 originem

462 1681 651 1741 trahit
690 1701 721 1742 e
750 1682 994 1743 Luciani
1025 1683 1306 1763 martyris
1339 1683 1540 1744 schola
1579 1684 1668 1762 (ll,
1693 1682 1922 1762 14-15).
1956 1685 2028 1744 At
2056 1684 2215 1744 inter
2241 1683 2482 1745 Luciani
2516 1683 2698 1744 disci-

461 1778 634 1857 pulos
659 1780 834 1859 pauci
857 1780 1191 1841 doctrinam
1209 1781 1483 1860 magistri
1505 1800 1624 1841 non
1649 1780 2107 1861 interpolat-unt,
2129 1782 2179 1842 si
2196 1782 2457 1861 excipias
2478 1801 2503 1841 «
2524 1782 2703 1842 Leon-

460 1878 615 1938 tium
653 1878 757 1957 qui
798 1877 1174 1957 postmodum
1224 1879 1541 1959 episcopus
1582 1880 1913 1942 Antiochiae
1948 1880 2143 1941 sactus
2177 1886 2268 1940 est
2308 1886 2367 1941 et
2406 1880 2701 1960 integram

463 1983 644 2055 atque
663 1976 960 2037 illibatam
981 1977 1264 2056 pietatem
1291 1978 1565 2038 servavit.
1593 1999 1618 2038 »
1637 1978 1910 2038 —Arius
1929 1978 2198 2058 quidem,
2224 1978 2425 2057 etipse
2439 1978 2697 2039 Luciano

463 2074 907 2135 necessitudine
946 2075 1144 2154 aliqua
1187 2074 1563 2146 coniunctUS,
1605 2095 1638 2135 a
1675 2075 2073 2155 philostorgio
2108 2095 2133 2134 «
2168 2075 2388 2136 divinis
2416 2076 2699 2136 laudibus

463 2172 715 2232 effertur
734 2172 797 2232 in
827 2191 896 2232 eo
919 2172 1080 2251 quod
1095 2173 1470 2234 divinitatem
1493 2174 1628 2234 Filii
1655 2183 1990 2254 oppugnat;
2015 2160 2293 2236 absurdis
2313 2182 2513 2235 tamen
2538 2192 2701 2235 erro·

462 2270 632 2331 ribus
660 2270 959 2349 implicari
981 2270 1225 2341 dicitur,
1259 2290 1327 2332 eo
1355 2272 1519 2351 quod
1546 2273 1772 2351 passim
1800 2272 2055 2333 affirmat
2075 2273 2258 2334 Deum
2288 2292 2397 2333 nec
2419 2272 2699 2353 cognosci

464 2387 574 2428 nec
602 2375 803 2429 mente
825 2368 1060 2447 concipi
1086 2388 1281 2448 posse,
1409 2377 1467 2430 et
1486 2369 1563 2430 ad
1586 2370 1772 2431 huius
1792 2371 2013 2431 erroris
2038 2370 2333 2431 insaniam
2354 2391 2473 2432 non
2493 2371 2702 2432 Arium

463 2465 662 2534 modo,
696 2485 905 2527 verum
944 2467 1122 2527 etiam
1154 2468 1471 2547 plerosque
1499 2468 1647 2529 alios
1672 2488 1739 2528 ea
1770 2474 2119 2548 tempestate
2149 2468 2331 2529 simul
2378 2489 2517 2530 cum
2563 2469 2702 2530 Ario

464 2564 739 2643 abreptos
768 2584 918 2634 esse,
953 2571 1195 2642 excepto
1221 2565 1399 2644 (inter
1426 2566 1668 2646 paucos)
1696 2566 1989 2627 Leontio»
2030 2567 2385 2627 antiocheno
2424 2566 2701 2647 episcopo

468 2662 558 2740 (ΙΙ,
586 2662 672 2740 5).
706 2662 1213 2723 —lntroducitur
1240 2663 1455 2724 deinde
1483 2664 1708 2724 Aetius.
1741 2664 1885 2724 Eius
1906 2670 2183 2725 narratur
2204 2669 2395 2734 ortuS,
2428 2683 2612 2743 egena
2642 2671 2701 2725 et

463 2759 610 2819 dura
641 2767 699 2820 et
721 2779 868 2840 pura
903 2761 1328 2836 adulescentia,
1371 2768 1430 2822 et
1457 2780 1574 2842 qua
1602 2762 1718 2834 via,
1747 2761 1821 2821 ad
1866 2762 2309 2842 philosophicas
2352 2762 2703 2842 disciplinas

463 2859 731 2918 animum
747 2859 1076 2938 applicans,
1099 2859 1359 2939 primum
1391 2861 1637 2941 quidem
1657 2861 1896 2921 auditor
1919 2861 2033 2922 suit
2048 2861 2302 2931 Paulini,
2328 2861 2432 2939 qui
2460 2880 2529 2921 ex
2548 2861 2704 2940 epis-

464 2963 678 3036 copatu
707 2957 841 3038 Tyri
871 2958 946 3017 ad
981 2957 1182 3018 sedem
1219 2959 1635 3019 antiochenam
1666 2959 1988 3020 translatus
2018 2959 2233 3030 fuerat,
2276 2977 2430 3019 anno
2470 2958 2700 3038 528-93

467 3059 666 3132 postea
682 3073 844 3125 vern,
870 3054 1150 3115 defuncto
1166 3055 1432 3125 Paulino,
1473 3076 1497 3114 «
1517 3075 1655 3116 cum
1687 3057 2006 3117 Athanasio
2032 3064 2301 3117 versatus
2323 3064 2434 3127 est,
2457 3057 2701 3118 Luciani

465 3153 744 3232 martyris
761 3153 1082 3232 discipulo,
1107 3153 1208 3234 qui
1225 3160 1370 3214 tunc
1394 3155 1680 3215 Anazarbi
1703 3155 2115 3234 episcopatum
2136 3154 2377 3234 regebat
2402 3176 2427 3214 »
2451 3177 2465 3224 ;
2490 3160 2550 3216 et
2566 3155 2705 3214 inde

474 3269 500 3309 «
539 3252 783 3311 Tarsum
813 3251 1075 3330 perrexit
1099 3251 1340 3312 visurus
1370 3252 1716 3322 Antonium,
1762 3252 1866 3331 qui
1898 3259 1957 3312 et
1993 3252 2119 3331 ipse
2148 3271 2309 3312 unus
2338 3259 2464 3312 erat
2492 3271 2563 3311 ex
2593 3251 2707 3311 dis-

469 3349 687 3428 cipulis
716 3349 960 3410 Luciani
993 3370 1056 3419 »3
1089 3350 1309 3410 iterum
1340 3350 1580 3410 tandem
1621 3370 1646 3409 «
1675 3351 2053 3411 Antiochiam
2087 3368 2361 3410 reversus
2389 3355 2480 3410 est
2523 3351 2707 3411 Leon-

471 3448 623 3508 tium
653 3447 994 3517 audituruS,
1027 3448 1131 3527 qui
1164 3456 1310 3510 tunc
1353 3449 1665 3530 presbyter
1697 3456 1825 3510 erat
1863 3449 2193 3510 Antiochiae
2223 3456 2280 3509 et
2317 3468 2475 3509 unus
2516 3450 2710 3509 suerat

471 3565 540 3606 ex
572 3546 949 3607 auditoribus
977 3547 1222 3608 Luciani
1249 3569 1302 3608 ».
1352 3548 1462 3608 Sed
1491 3548 1657 3608 brevi
1688 3547 1929 3608 invidiae
1958 3566 2137 3608 causa
2165 3547 2367 3608 Aetius
2395 3546 2710 3608 Antiochia

470 3645 751 3724 expulsus
798 3646 859 3704 in
899 3646 1168 3706 Ciliciam
1211 3645 1650 3724 proficiscitur,
1692 3653 1751 3706 et
1796 3667 1821 3706 «
1865 3665 1973 3726 per
2009 3646 2071 3707 id
2116 3654 2352 3725 tempus
2398 3645 2711 3706 medicinae

469 3762 710 3822 operam
748 3743 869 3814 dat,
900 3743 962 3802 in
991 3763 1105 3824 qua
1135 3744 1458 3824 disciplina
1485 3745 1846 3824 magistrum
1879 3744 2058 3805 habet
2096 3745 2379 3823 Sopolim,
2421 3744 2619 3804 virum
2649 3743 2710 3803 in

468 3842 580 3902 hac
606 3848 733 3902 arte
760 3842 910 3902 nulli
935 3842 1268 3903 secundum
1302 3864 1326 3902 »
1348 3864 1362 3912 ;
1385 3843 1574 3903 donec
1598 3843 1904 3913 LeontiuS,
1928 3863 1997 3903 ex
2022 3842 2367 3922 presbytero
2397 3842 2715 3921 episcopus

468 3939 796 4000 Antiochiae
833 3939 1051 4009 factuS,
1105 3960 1131 3999 «
1166 3940 1532 4020 discipulum
1568 3960 1747 4001 suum
1783 3942 2019 4002 Aetium
2067 3940 2143 4001 ad
2185 3940 2535 4000 diaconatus
2581 3957 2716 4018 gra-

469 4037 615 4098 dum
646 4039 855 4107 erexit,
907 4039 1082 4117 eique
1125 4039 1432 4099 mandavit
1473 4046 1542 4100 ut
1590 4039 1996 4100 ecclesiastica
2044 4039 2320 4119 dogmata
2366 4038 2606 4118 publice
2651 4037 2712 4096 in

469 4137 720 4197 ecclesia
747 4137 990 4197 doceret
1029 4157 1084 4197 ».
1123 4139 1391 4216 Cumque
1434 4137 1763 4199 Antiochiae
1803 4137 2033 4198 tamdiu
2069 4137 2389 4197 mansisset
2424 4141 2716 4215 quantum

471 4233 585 4294 sibi
635 4235 912 4295 sufficere
970 4235 1274 4296 iudicabat
1321 4236 1394 4295 ad
1453 4255 1761 4296 sacrarum
1804 4234 2263 4314 disciplinarum
2306 4233 2712 4304 traditionem,

468 4332 883 4393 Alexandriam
922 4334 1120 4412 pergit
1164 4341 1230 4395 ut
1275 4334 1402 4395 illic
1433 4333 1753 4394 Athanasio
1789 4332 2024 4394 docenti
2076 4330 2346 4392 docendo
2404 4330 2717 4392 obsisteret

475 4431 590 4510 (111,
629 4431 863 4510 15-17).
911 4468 990 4475 —-
1027 4432 1358 4493 Eunomius
1392 4452 1553 4503 vere,
1591 4452 1661 4492 ex
1689 4430 2057 4512 Cappadocia
2091 4430 2464 4492 Antiochiam
2515 4429 2715 4509 profe-

466 4535 626 4600 ctuS,
663 4530 1078 4606 Alexandriam
1122 4531 1194 4590 ad
1233 4530 1471 4592 Aetium
1507 4531 1724 4610 pergit,
1764 4530 1867 4591 ubi
1906 4530 2079 4590 ambo
2117 4530 2298 4591 simul
2336 4530 2705 4599 habitarunt,
