3484 5650
1153 649 1522 708 QUAESTmNEs
1557 648 1913 699 Pulmsronss
1920 650 2015 700 IAN
2022 651 2073 699 ΑΒ
2078 687 2089 697 .
2673 656 2729 705 41

498 788 528 829 a
569 767 945 848 Philostorgii
986 774 1146 829 textu
1193 767 1472 847 pendere.
1526 765 1790 845 Exempli
1838 766 2029 845 gratia
2076 767 2223 848 (cap.
2284 768 2516 851 12-16),
2568 781 2733 852 post-

498 885 680 947 quam
723 865 932 927 retulit
977 865 1124 927 Galli
1177 864 1421 925 Caesaris
1467 863 1865 925 temeritatem
1897 871 1956 925 et
1998 866 2426 945 arrogantiam,
2477 876 2537 929 et
2588 890 2737 951 prae-

497 964 723 1025 fectum
760 961 1039 1043 praetorio
1071 961 1486 1023 Dometianum
1523 960 1766 1021 nomine
1804 960 1935 1023 eius
1964 960 2134 1023 iussu
2165 972 2501 1037 enecatum,
2536 975 2739 1030 narrat

496 1062 743 1123 loannes
803 1066 1005 1121 noster
1055 1059 1284 1120 Gallum
1341 1079 1373 1120 a
1439 1058 1778 1119 Constantio
1842 1059 2031 1121 fuisse
2085 1062 2468 1135 accersitum,
2526 1072 2585 1125 et
2642 1086 2735 1127 re-

497 1158 664 1239 liqua
692 1181 707 1218 ε

877 1402 1128 1461 Ioannes
1163 1420 1183 1459 .·

565 1535 630 1585 ‘O
661 1534 713 1587 δὲ
745 1533 1114 1591 Κωνστάντιος,
1145 1531 1310 1594 ἐπειδὴ
1343 1531 1567 1597 τάχιστα

499 1615 700 1671 ἐπύθετο
747 1616 804 1667 τὸ
849 1613 1062 1679 συμΰάν,
1106 1612 1452 1677 μετάπεμπτον
1499 1608 1567 1670 ὦς

499 1696 674 1748 ἑαυτὸν
727 1698 940 1747 ἐποιεῖτο
990 1695 1075 1745 τὸν
1133 1693 1345 1744 Γάλλον.
1397 1691 1461 1742 Ὁ
1513 1692 1567 1744 δὲ

498 1776 642 1836 εἰδὼς
675 1776 762 1841 μὲν
793 1772 860 1834 ὥς
885 1769 979 1825 οὗιι
1013 1773 1085 1825 ἐπ’
1121 1769 1291 1837 ἀγαθῷ
1328 1772 1566 1838 τυγχάνει

498 1855 822 1920 καλούμενος,
855 1857 1037 1905 ἐννοῶν
1070 1854 1122 1904 δὲ
1155 1852 1303 1903 πάλιν
1335 1854 1403 1910 ὡς
1430 1853 1472 1903 εἰ
1499 1852 1565 1917 μὴ

503 1936 734 2002 βούλοιτο
785 1933 1057 1986 ὑπακούειν
1103 1932 1320 1995 πόλεμον
1373 1927 1568 1996 ἀνάγκη

497 2023 660 2069 ποιεῖν
691 2016 822 2067 ὅπλα
853 2015 973 2079 πρὸς
1003 2012 1354 2064 Κωνστάντιον
1389 2015 1444 2063 ἐκ
1478 2015 1566 2063 τοῦ

500 2093 676 2155 εὐθέως
694 2094 958 2161 ἀράμενον,
973 2095 1183 2158 αἱρεῖται
1202 2097 1388 2157 μᾶλλον
1403 2092 1467 2144 τὰ
1484 2097 1570 2153 τῆς

499 2175 713 2241 εἰρήνης,
730 2178 818 2229 καὶ
834 2174 922 2237 τὴν
939 2180 1161 2241 γυναῖκα
1173 2173 1572 2237 προαποστείλας

499 2260 568 2317 ὡς
591 2259 674 2308 τὸν
700 2255 1053 2307 Κωνστάντιον
1079 2254 1465 2319 ἑκμειλίξασθαι,
1481 2254 1571 2305 καὶ

501 2333 647 2396 αὐτὸς
668 2332 813 2413 ἀπῄει
831 2330 1107 2400 αὗτόμολος
1127 2335 1206 2386 ἐπὶ
1223 2336 1306 2386 τον
1325 2336 1566 2385 κίνδυνον.

506 2418 572 2468 ‘H
595 2418 680 2482 μὲν
701 2414 787 2467 οὖν
816 2414 1144 2467 Κωνσταντία
1167 2413 1386 2479 προτέρα
1415 2415 1566 2479 ἐξώρ-

504 2516 635 2563 μησε
656 2506 969 2566 προεντυχεῖν
994 2505 1064 2561 τῷ
1093 2490 1286 2561 ἀδελφῷ
1311 2496 1401 2547 καὶ
1437 2496 1568 2546 αἰδὲ-

503 2582 691 2631 σασθαι
722 2574 869 2630 αὐτὸν
895 2580 1015 2647 ὑπὲρ
1054 2580 1144 2630 τοῦ
1179 2573 1356 2643 ἀνδρὸς
1386 2581 1572 2641 προθυ-

503 2659 725 2724 μουμὲνη
750 2662 838 2711 τοῦ
859 2658 924 2723 μή
948 2678 995 2710 τι
1008 2660 1076 2717 εἰς
1099 2655 1247 2711 αὑτὸν
1273 2652 1572 2721 βουλεύσασ-

503 2742 584 2790 θαι
600 2733 890 2800 ἀνήκεστον.
913 2738 1088 2811 Πολλῇ
1115 2738 1166 2789 δὲ
1188 2736 1435 2809 προθυμίᾳ
1455 2738 1570 2804 περὶ

501 2817 590 2880 τὴν
627 2817 912 2884 ὁδοιπορίαν
954 2816 1186 2884 χρωμένη
1227 2818 1294 2877 εἰς
1333 2818 1483 2870 νόσον
1519 2835 1572 2868 τε

503 2898 650 2950 ἐ’πεσε
678 2898 857 2963 μεταξὺ
881 2897 1210 2966 πορευομένη,
1236 2899 1324 2950 καὶ
1352 2897 1572 2956 Βιθυνίας

504 2979 723 3030 ὶπιὸάσα
754 2975 803 3030 ἐν
831 2982 1034 3044 σταθμῷ
1062 2981 1156 3030 τινὶ
1188 2973 1367 3041 ταύτης
1390 2979 1574 3030 Γαλλι-

503 3058 643 3126 κάνῳ
666 3058 918 3126 λεγομένῳ
940 3053 1192 3110 ἀπέθανεν.
1219 3058 1284 3108 ‘O
1310 3058 1364 3109 δὲ
1380 3058 1573 3117 Γάλλος

503 3140 592 3204 καὶ
639 3141 787 3190 τοῦτο
839 3138 1122 3202 παράδοξον
1179 3132 1315 3202 αὐτῷ
1375 3139 1568 3198 συμὸὰν

508 3217 725 3283 μεγάλην
768 3217 1029 3285 συμφορὰν
1056 3216 1410 3280 ποιησάμενος,
1437 3216 1572 3282 ὅμως

505 3307 602 3350 τῶν
641 3297 944 3363 δεδογμένων
989 3292 1081 3348 οὐκ
1132 3297 1461 3362 ἐξιστάμενος,
1503 3299 1571 3358 εἰς

506 3368 772 3441 Νωρικοὺς
825 3372 1023 3440 ἀφίκετο
1084 3370 1152 3435 είς
1203 3376 1345 3427 πόλιν
1408 3371 1569 3428 αὑτῶν

505 3457 810 3508 Πυταὸιῶνα
853 3455 1182 3521 καλουμένην.
1220 3456 1468 3508 Ἐνταῦθα
1509 3456 1570 3519 δὴ

508 3538 605 3588 άπὸ
646 3536 958 3588 Μεδιολάνου
1001 3535 1374 3601 καταπέμπεται
1417 3555 1568 3601 στρα-

503 3619 654 3682 τηγὸς
684 3616 998 3682 Βαρὸατίων,
1033 3620 1134 3668 ἐκεῖ
1171 3619 1259 3667 τοῦ
1303 3618 1574 3668 Κωνσταν-

503 3698 608 3747 τίου
669 3697 725 3747 τὸ
785 3699 1058 3759 τηνικαῦτα
1108 3695 1458 3761 τυγχάνοντος,
1517 3699 1572 3754 ’ὸς

505 3778 590 3827 τὸν
607 3776 801 3828 Γάλλον
833 3772 1115 3843 ἀφαιρεῖται
1143 3782 1228 3838 τῆς
1256 3772 1568 3840 ἀλουργίδος,

506 3857 597 3908 καὶ
625 3858 693 3914 εἰς
723 3857 917 3918 ἰδιώτην
955 3856 1346 3920 μετασκευάσας,
1378 3855 1570 3921 ἐξόρισ-

505 3955 590 3987 τον
612 3930 759 3988 αὖτὸν
787 3937 854 3994 εἴς
875 3955 984 3988 τινα
1005 3941 1158 3997 νῆσον
1178 3941 1265 3996 τῆς
1286 3935 1573 3999 Δαλματίας

505 4021 805 4079 κατέστησε.
836 4034 884 4066 ιι.
915 4035 959 4066 τ.
989 4020 1036 4067 λ.

1710 1398 2136 1482 Philostorqius
2168 1378 2275 1481 (ex'
2296 1421 2400 1463 ore
2433 1404 2646 1485 Photii)
2674 1426 2697 1466 .-

1738 1530 1806 1581 Ὀ
1832 1530 2177 1591 Κωνστάντιος
2202 1533 2370 1597 μαθὼν
2392 1534 2455 1586 τὰ
2478 1537 2592 1603 περὶ
2607 1536 2738 1588 Μόν-

1672 1630 1778 1662 τιον
1812 1612 1901 1663 καὶ
1928 1612 2232 1675 Δομετιανὸν
2262 1616 2628 1682 συνενεχθέντα,
2649 1620 2740 1671 καὶ

1673 1686 1829 1755 ὀργῆς
1881 1692 2233 1755 άναπλησθείς.
2285 1700 2596 1758 μετεκαλεῖτο
2656 1700 2739 1749 τὸν

1674 1771 1889 1823 Γάλλον.
1923 1771 1985 1822 Ὁ
2015 1774 2068 1826 δὲ
2099 1772 2185 1837 τὴν
2213 1774 2298 1838 μὲν
2328 1779 2506 1837 κλῆσιν
2540 1772 2635 1829 οὖκ
2658 1778 2744 1830 ἐπ’

1677 1845 1849 1915 ἀγαθῷ
1884 1853 2167 1909 συλλαὸών,
2198 1848 2559 1920 εὖλαὸούμενος
2592 1856 2643 1909 δὲ
2674 1858 2741 1922 μὴ

1673 1930 1893 1995 πόλεμος
1946 1931 2303 1995 άπειθήσαντος
2351 1942 2609 2009 συρραγῇ,
2653 1945 2740 1989 τοῦ

1674 2011 2061 2076 προστάγματος
2096 2012 2299 2077 γίνεται.
2334 2015 2647 2083 Προεξώρμα
2688 2018 2742 2069 δὲ

1675 2091 1765 2143 καὶ
1793 2083 1825 2153 ἦ
1865 2092 2214 2151 Κωνσταντία,
2244 2105 2563 2162 προεντυχεῖν
2588 2096 2741 2148 σπεύ-

1676 2172 1840 2223 δουσα
1853 2180 1923 2237 τῷ
1942 2167 2155 2238 ἀδελφῷ,
2173 2176 2261 2225 καὶ
2278 2174 2575 2227 αἰδέσασθαι
2592 2172 2740 2229 αὑτὸν

1674 2251 1798 2317 ὑπὲρ
1837 2259 1926 2304 τοῦ
1954 2248 2148 2318 ἀνδρός.
2178 2253 2307 2306 Ἀλλ’
2336 2254 2460 2318 αὕτη
2488 2256 2573 2319 μὲν
2611 2258 2743 2309 κατὰ

1676 2332 1906 2384 Βιθυνίαν
1926 2334 2166 2397 γενομένη
2184 2334 2424 2400 ἐπεσχέθη
2450 2344 2520 2401 τῷ
2546 2337 2741 2405 θανάτῳ

1679 2412 1769 2463 καὶ
1802 2414 1889 2473 τῆς
1917 2414 2036 2464 ὀδοῦ
2064 2414 2153 2464 καὶ
2177 2416 2265 2465 τοῦ
2298 2416 2426 2479 βίου.
2450 2415 2536 2474 Ἐξ
2566 2411 2624 2467 οὗ
2654 2418 2743 2469 καὶ

1678 2490 1705 2541 ὃ
1739 2492 1931 2549 Γάλλος
1960 2496 2148 2555 μᾶλλον
2181 2502 2267 2545 τοῦ
2305 2494 2445 2553 δέους
2469 2496 2733 2561 γενόμενος

1677 2570 1765 2633 τὴν
1795 2574 1845 2629 ἐξ
1871 2566 2029 2638 ἀρχῆς
2056 2575 2257 2638 γνώμην
2284 2574 2418 2638 ὅμως
2446 2571 2504 2628 οὗ
2534 2578 2741 2640 μεθίετο.

1678 2651 1933 2727 Συναπῄει
1952 2653 1994 2703 δ’
2012 2647 2147 2718 αὐτῷ
2162 2655 2253 2705 καὶ
2270 2654 2513 2721 Θεόφιλος
2527 2657 2554 2707 ό
2572 2657 2740 2715 Ἰνδός.
2780 2674 2786 2681 ·

1679 2731 1823 2782 Ἐπεὶ
1875 2733 1934 2797 δὴ
1978 2724 2093 2789 τοὺς
2139 2727 2404 2798 Νωρικοὺς
2450 2735 2742 2793 κατέλαὸεν,

1679 2811 1889 2863 ἐνταῦθα
1915 2811 1975 2874 δὴ
2000 2812 2057 2863 ἑκ
2076 2810 2420 2875 Μεδιολάνων,
2443 2814 2559 2866 ἔνθα
2581 2817 2743 2880 διῆγεν

1680 2891 1708 2941 ὁ
1741 2892 2109 2955 Κωνστάντιος,
2144 2891 2517 2958 καταπέμπεται
2547 2896 2744 2960 Βαρὸα·

1680 2972 1797 3022 τίων
1814 3013 1827 3034 ,
1888 2965 2012 3040 ἀνὴρ
2072 2973 2159 3036 τὴν
2221 2975 2555 3040 στρατηγικὴν
2612 2977 2745 3041 ἔχων

1681 3047 1863 3117 ἀρχήν,
1906 3053 1979 3118 ἐφ’
2022 3047 2063 3116 ᾧ
2110 3054 2195 3104 τὸν
2238 3054 2431 3106 Γάλλον
2480 3051 2745 3120 ἀφελάσθαι

1684 3131 1770 3195 μὲν
1802 3137 1888 3193 τῆς
1918 3127 2226 3198 ἀλουργίδος,
2250 3134 2508 3199 ὑπερόριον
2536 3138 2587 3185 δὲ
2613 3135 2746 3187 κατά

1679 3231 1789 3263 τινα
1815 3215 1967 3274 νῆσον
1993 3217 2081 3274 τῆς
2111 3211 2397 3276 Δαλματίας
2418 3213 2742 3276 ποιήσασθαι.

1679 3311 1726 3342 τι.
1750 3312 1793 3343 τ.
1818 3295 1862 3343 λ.

587 4221 907 4300 Utriusque
963 4220 1347 4300 excerptoriS‚
1407 4201 1605 4283 'Photii
1672 4240 1888 4302 nempe
1936 4229 1996 4283 et
2062 4220 2319 4293 loanniS,
2383 4229 2545 4303 patet
2612 4241 2753 4283 con-

509 4319 710 4380 cordia
764 4340 777 4378 ε
834 4319 1114 4380 eumdem
1159 4318 1440 4379 videlicet
1487 4319 1971 4412 Rhilostorgianae
2031 4319 2297 4381 historiae
2352 4326 2581 4381 textum
2628 4337 2751 4400 prae

511 4416 701 4478 oculis
731 4417 906 4480 ambo
941 4415 1225 4477 habuere.
