3484 5650
727 652 790 702 20
1381 649 1751 709 Quffisnossss
1782 648 2317 698 PHILOSTORGIANAE.

721 769 775 831 si
810 768 1080 830 conferas
1107 765 1509 847 Olympiodori
1549 766 1883 843 fragmenta
1929 784 2063 843 quae
2108 771 2432 844 supersunt
2484 783 2623 824 eum
2670 764 2971 843 excerptis

721 864 1215 944 Philostorgianis
1270 883 1407 943 quae
1455 864 1518 924 in
1569 882 1787 923 manus
1838 869 2071 922 nostras
2114 862 2333 923 tradita
2384 869 2547 931 sunt,
2602 880 2966 923 consensum

719 964 1040 1043 utriusque
1069 981 1368 1041 nusquam
1400 960 1685 1040 reperieS,
1711 960 1903 1021 necin
1928 961 2175 1021 vocibus
2192 978 2305 1021 nec
2332 960 2395 1020 in
2416 980 2617 1021 sensu.
2646 959 2968 1020 Diversitas

722 1070 924 1123 autem
969 1060 1292 1140 utriusque
1333 1058 1600 1120 auctoris
1647 1059 1839 1119 multa
1878 1066 2062 1138 patet.
2113 1060 2263 1120 Hinc
2302 1058 2759 1139 olympiodorus
2804 1058 2971 1119 Stili-

721 1160 934 1222 chonis
972 1157 1196 1220 caedem
1244 1179 1270 1217 (ι
1305 1156 1687 1237 sanguinaria
1717 1156 2089 1235 immanique
2118 1175 2302 1217 manu
2328 1156 2585 1237 Olympii
2624 1182 2647 1215 ι
2682 1174 2971 1236 procura-

719 1264 843 1318 tam
870 1258 1231 1318 lamentatur
1262 1257 1328 1335 (1,
1367 1255 1425 1333 2)
1459 1276 1474 1312 ε
1507 1254 1648 1315 inde
1681 1273 1823 1315 vero
1862 1254 2299 1333 philostorgius
2329 1254 2599 1335 Olympio
2629 1254 2970 1333 gratulatur

722 1354 882 1436 quod
925 1354 1000 1415 ad
1038 1352 1437 1415 occidendum
1475 1351 1865 1414 Stilichonem
1910 1370 2155 1431 operam
2197 1351 2685 1422 commodaverit,
2738 1351 2965 1431 optime

721 1454 796 1514 de
857 1452 1116 1513 Honorio
1166 1450 1420 1510 meritus
1485 1450 1620 1527 (ΧΠ,
1682 1449 1767 1528 1).
1832 1449 2222 1510 Stilichonem
2276 1450 2353 1511 ob
2381 1450 2667 1511 virtutem
2733 1450 2965 1511 extollit

718 1548 1197 1630 OlympiodoruS,
1239 1547 1668 1625 philostorgius
1703 1565 1845 1607 vero
1874 1548 2095 1608 acriter
2128 1548 2478 1628 perstringit
2514 1547 2591 1609 ob
2628 1548 2739 1608 alia
2771 1548 2967 1611 multa

722 1658 780 1708 et
835 1646 1170 1725 praesertim
1223 1644 1300 1705 ob
1341 1646 1685 1705 affectatam
1731 1645 2136 1724 tyrannidem.
2197 1647 2256 1707 Si
2307 1645 2725 1727 Olympiodoro
2787 1644 2960 1716 fidas,

718 1744 990 1807 Alaricus
1045 1750 1328 1805 evocatus
1377 1749 1470 1804 est
1513 1761 1546 1803 a
1611 1742 1941 1803 Stilichone
1996 1750 2061 1804 ut
2106 1744 2364 1805 Honorio
2419 1744 2721 1824 Illyricum
2777 1743 2963 1804 armis

719 1849 969 1912 teneret,
1001 1848 1062 1903 et
1089 1841 1246 1911 ideo,
1284 1840 1518 1901 vivente
1555 1841 1738 1901 etiam
1768 1848 1915 1901 tunc
1948 1841 2296 1912 Stilichone,
2328 1842 2562 1921 accepit
2588 1842 2965 1903 centenarios

718 1940 1111 2021 quadraginta
1174 1938 1516 1999 mercedem
1579 1938 1813 2006 mititiae
1872 1939 1937 2013 (Ι,
1994 1938 2165 2018 5-5);
2236 1939 2285 1999 si
2344 1959 2486 2000 vero
2537 1939 2960 2019 PhilostorgiO,

716 2038 990 2100 Alaricus
1036 2043 1316 2099 evocatus
1364 2043 1456 2096 est
1492 2055 1525 2096 a
1561 2036 1886 2097 Stilichone
1930 2055 2037 2115 per
2077 2037 2479 2116 proditionem
2514 2037 2575 2097 in
2606 2038 2857 2108 Italiam,
2905 2044 2967 2097 et

716 2135 790 2197 ab
811 2136 943 2215 ipso
970 2134 1295 2197 Stilichone
1324 2134 1378 2195 ei
1409 2133 1669 2196 claustra
1695 2133 1937 2213 Alpium
1957 2141 2099 2196 sunt
2117 2143 2378 2196 reserata
2411 2134 2547 2215 (XII,
2573 2134 2658 2213 2).
2683 2134 2741 2195 Si
2770 2135 2966 2215 Olym-

716 2232 987 2313 piodor0,
1008 2233 1238 2294 Attalus
1265 2232 1603 2293 Ravennam
1637 2232 1966 2311 profectuS,
1996 2232 2135 2293 inde
2155 2234 2231 2294 ab
2254 2234 2511 2294 Honorio
2540 2232 2958 2313 proscribitur,

715 2337 1036 2409 postquam
1077 2329 1332 2391 summis
1365 2328 1572 2408 digitis
1605 2328 1861 2390 dexterae
1890 2349 2107 2391 manus
2135 2330 2404 2391 truncari
2438 2330 2643 2391 iussus
2674 2330 2747 2391 ab
2777 2330 2967 2409 impe·

716 2433 913 2489 ratore
953 2435 1045 2488 est
1103 2428 1172 2506 (Ι,
1230 2426 1355 2504 14);
1398 2426 1448 2487 si
1494 2426 1917 2513 Philostorgio,
1984 2427 2148 2487 idem
2211 2429 2466 2498 AttaluS,
2518 2447 2659 2489 cum
2714 2429 2962 2489 Romam

715 2524 976 2595 advenit,
1018 2525 1159 2586 inde
1195 2524 1268 2585 ab
1304 2526 1560 2585 Honorio
1591 2525 1650 2585 in
1687 2525 1951 2586 insulam
1979 2526 2253 2605 Liparam
2292 2526 2612 2605 relegatur,
2645 2534 2964 2606 postquam

714 2623 950 2685 duobus
987 2623 1194 2703 digitis
1235 2622 1508 2683 abscindi
1558 2623 1685 2702 ipse
1727 2631 1939 2702 sponte
1978 2643 2083 2684 sua
2123 2624 2264 2685 facti
2318 2624 2607 2703 paenitens
2645 2624 2967 2703 postulavit

793 2820 931 2890 Quae
967 2839 1108 2881 cum
1146 2818 1226 2879 ita
1272 2818 1415 2889 sint,
1457 2838 1610 2898 nego
1647 2819 2114 2900 Philostorgium
2152 2820 2427 2882 notitiam
2462 2820 2964 2882 rerum‘occiden·

712 2917 924 2979 talium
949 2937 1021 2978 ex
1047 2915 1464 2996 Olympiodoro
1498 2917 1795 2978 hausisse.

785 3393 856 3448 De
885 3398 1086 3448 caetero
1115 3399 1364 3463 tempora
1394 3393 1583 3448 sedulo
1619 3393 2011 3464 distinguenda
2044 3400 2194 3448 sunt.

795 3606 858 3666 In
885 3604 1064 3667 rebus
1095 3605 1256 3665 enim
1277 3606 1781 3668 Constantinianis
1807 3606 2159 3668 enarrandis
2182 3607 2494 3686 (525-557)
2526 3607 2964 3687 Philostorgius

719 3703 998 3764 adhibuit
1031 3704 1356 3764 Historiam
1393 3705 1850 3766 ecclesiasticam
1887 3705 2129 3766 Eusebii
2164 3706 2563 3777 Caesariensis,
2607 3725 2785 3786 quam
2840 3725 2969 3786 per-

719 3801 962 3862 ductam
995 3802 1180 3863 fuisse
1227 3801 1311 3862 ait
1347 3801 1423 3862 ad
1466 3822 1534 3863 ea
1569 3822 1765 3882 usque
1804 3811 2075 3882 tempora
2114 3803 2336 3882 quibus
2375 3804 2554 3866 liberi
2596 3805 2963 3866 Constantini

720 3899 782 3960 in
817 3899 1004 3979 patris
1029 3899 1352 3980 imperium
1373 3907 1791 3962 successerunt
1818 3902 1883 3982 (l,
1914 3900 1973 3973 2)
1994 3921 2009 3970 3
2032 3902 2194 3962 unde
2214 3908 2379 3981 patet
2407 3901 2807 3982 Philostorgio
2825 3901 2965 3962 usui

719 3997 906 4060 fuisse
939 4017 1057 4058 non
1089 3999 1413 4058 Historiam
1447 3999 1905 4059 ecclesiasticam
1940 3999 2182 4060 Eusebii
2213 4007 2470 4071 tantum,
2510 3999 2614 4060 sed
2648 4000 2831 4060 etiarn
2874 3999 2970 4062 Vi-

722 4102 846 4157 tam
879 4095 1257 4159 Constantini
1288 4095 1361 4156 ab
1391 4095 1604 4158 eodem
1631 4097 1885 4158 Eusebio
1912 4097 2339 4177 conscriptam.
2372 4098 2547 4159 Plura
2576 4104 2778 4158 tamen
2802 4095 2873 4156 de
2904 4115 2965 4157 se

720 4193 850 4273 ipso
879 4193 1134 4264 addidit,
1158 4194 1344 4255 veluti
1375 4213 1442 4254 ea
1465 4213 1598 4274 quae
1623 4193 1807 4254 refert
1828 4194 1903 4255 de
1922 4194 2291 4257 Constantini
2322 4193 2494 4257 obitu
2524 4201 2583 4255 et
2613 4200 2967 4256 testamento

725 4292 820 4370 (ΙΙ,
853 4290 976 4371 16),
1010 4311 1284 4372 quaeque,
1330 4291 1404 4352 ab
1429 4291 1567 4352 aliis
1599 4291 1905 4353 historicis
1941 4292 2065 4353 sive
2106 4293 2436 4374 gentilibus
2469 4293 2593 4353 sive
2620 4291 2966 4353 christianis

721 4395 1047 4449 memorata
1077 4408 1396 4468 nusquam,
1433 4389 1749 4451 calumniae
1782 4389 2012 4451 crimen
2048 4410 2168 4452 non
2199 4391 2517 4472 effugiunt.

801 4486 862 4546 ln
898 4486 1078 4546 rebus
1110 4485 1427 4546 Theodosii
1458 4495 1517 4548 et
1541 4487 1779 4549 Arcadii
1808 4487 2123 4570 (595-408)
2159 4508 2393 4550 necnon
2425 4487 2741 4550 Theodosii
2768 4487 2965 4548 iunio·
