3484 5650
769 650 832 699 56
1181 710 1188 714 ‚
1426 648 1795 714 unanimes
1830 650 2359 702 riniosronolmffi.

761 770 1182 848 ‚Ozugsaxotssfaefou
1254 768 1546 847 Ἀρτεμίου
1609 766 1861 846 συλλεγὲν
1932 762 2037 825 ἀπὸ
2098 775 2197 844 τῆς
2256 767 2716 844 {avetauet-xz<
2777 772 3013 841 Ξστορίκς

772 866 1167 944 Φιλοστοργίου
1211 862 1299 922 xxi
1341 862 1518 923 ἄλλων
1565 876 1724 923 τινῶν
1770 862 1918 943 παρὰ
1953 865 2203 940 Ἰωάννου
2241 873 2508 945 μονκχοῦ.

852 963 919 1021 Et
959 961 1240 1039 quoniam
1291 960 1362 1020 de
1408 960 1521 1021 hoc
1564 960 2069 1041 pseudo-martyre
2124 960 2385 1023 Artemio
2430 968 2559 1021 tum
2600 961 3013 1023 Tillemontius

770 1065 899 1118 tum
934 1064 1142 1118 auctor
1169 1057 1587 1118 Bollandianus
1630 1058 1690 1117 in
1735 1058 2057 1119 sententias
2086 1057 2391 1119 discordes
2426 1056 2684 1132 iverunt,
2730 1067 3016 1139 opportu-

770 1176 915 1217 num
945 1155 1094 1217 mihi
1127 1155 1322 1216 visum
1351 1163 1439 1216 cst
1464 1175 1704 1217 causam
1740 1156 1961 1216 iterum
1987 1156 2195 1216 audire
2224 1163 2279 1216 et
2306 1155 2613 1235 ampliare.
2647 1157 2789 1227 Quis
2826 1156 3013 1237 igitur

767 1254 948 1316 fuerit
983 1254 1093 1315 iste
1138 1254 1460 1323 ArtemiuS,
1505 1254 1640 1333 quis
1674 1254 1919 1314 loannes
1954 1255 2307 1325 monachus,
2355 1253 2459 1334 qui
2501 1254 2745 1315 demum
2789 1256 3007 1324 fontes,

766 1363 863 1413 τοῦ
897 1357 1312 1431 &noym-figurae,
1347 1352 1514 1413 locus
1539 1352 1717 1412 datur
1737 1352 1905 1412 novis
1940 1352 2104 1413 curis
2134 1350 2551 1432 investigandi.

847 1452 1007 1510 Unus
1054 1449 1170 1510 suit
1215 1449 1516 1509 Artemius
1567 1450 1688 1510 dux
1731 1450 1959 1530 AEgypti
2018 1469 2086 1511 eo
2140 1448 2520 1528 potissimum
2568 1457 2833 1530 tempore
2892 1470 3010 1531 quo

765 1547 1050 1626 Georgius
1095 1547 1400 1626 Cappadox
1441 1547 1658 1607 arianae
1704 1548 1896 1627 partis
1940 1548 2279 1627 episcopm,
2323 1548 2495 1627 pulso
2541 1548 2887 1620 Athanasi0‚
2921 1568 3014 1610 se-

764 1645 901 1706 dem
934 1644 1378 1704 alexandrinam
1430 1644 1652 1705 iniuria
1699 1646 2013 1725 occupavit
2049 1645 2386 1726 (556-561).
2422 1646 2721 1706 Artemius
2756 1646 2856 1706 ille
2888 1667 3009 1708 una

764 1762 902 1804 cum
949 1742 1196 1821 Georgio
1249 1741 1527 1821 episcopo
1577 1749 1789 1803 auctor
1840 1743 1953 1803 suit
2012 1742 2315 1803 evertendi
2372 1743 2605 1823 Serapei
2669 1744 2829 1822 quod
2886 1753 3012 1806 erat

766 1839 1168 1902 Alexandriae:
1203 1839 1516 1900 Κατέλαὸεν
1537 1839 1769 1901 scilicet
1795 1846 1822 1899 ὀ
1852 1848 2159 1920 στρατηγὸς
2187 1850 2288 1919 τῆς
2314 1839 2599 1921 Αἰγύπτου
2621 1847 2683 1900 τὸ
2704 1840 3009 1921 ἁγιώτατον

765 1948 862 1999 τοῦ
905 1942 1025 1997 θεοῦ
1065 1938 1308 2016 τέμενος,
1354 1933 1705 2017 ἀποσυλήσας
1760 1938 1960 1997 ἐκεῖθεν
2008 1938 2218 2005 εἰκόνας
2264 1936 2355 1997 καὶ
2410 1934 2737 2018 ἀναθήματα
2780 1940 2870 1997 καὶ
2914 1946 3010 2000 τὸν

765 2037 820 2095 ἐν
871 2045 984 2103 τοῖς
1045 2042 1202 2115 ἱεροῖς
1261 2039 1570 2113 κόσμον...,
1620 2036 1750 2101 ἴσως
1827 2038 2095 2116 Γεώργιον
2148 2037 2354 2115 μᾶλλον
2402 2035 2440 2115 ἢ
2484 2042 2577 2095 τὸν
2625 2038 3009 2113 Κωνστάντιον

763 2135 1033 2201 δεδοικώς,
1066 2139 1135 2192 ut
1171 2132 1352 2193 refert
1389 2132 1653 2193 lulianus
1687 2131 2064 2211 imperator¹.
2101 2134 2173 2195 At
2200 2141 2331 2213 post
2366 2140 2620 2194 mortem
2655 2134 3004 2205 Constantii,

760 2237 893 2310 post
943 2229 1165 2291 caedem
1217 2230 1448 2310 Georgii
1504 2229 1779 2291 violentis
1844 2230 2166 2292 Gentilium
2221 2230 2501 2292 manibus
2562 2232 2813 2302 enecati,
2848 2232 3009 2295 idem

759 2326 1062 2389 Artemius
1116 2326 1224 2387 zeli
1278 2326 1371 2387 sui
1423 2346 1629 2407 poenas
1685 2327 1851 2395 dedit
1898 2349 1913 2386 ε
1985 2348 2009 2387 «
2058 2330 2221 2389 Tunc
2269 2336 2329 2389 et
2381 2328 2680 2390 Artemius
2734 2349 2805 2390 ex
2856 2330 3010 2393 duce

761 2423 1014 2505 AEgypti‚
1063 2423 1475 2485 Alexandrinis
1528 2426 1887 2505 urgentibus
1929 2426 2224 2488 atrocium
2270 2426 2597 2488 criminum
2647 2428 2826 2498 mole,
2868 2448 3012 2507 sup—

760 2521 941 2601 plicio
985 2522 1222 2601 capitali
1270 2522 1560 2584 multatus
1602 2531 1692 2584 est
1735 2544 1763 2583 »
1795 2544 1807 2583 :
1861 2525 1990 2585 haec
2020 2524 2423 2585 Ammianus&
2461 2524 2635 2587 Plura
2668 2544 2807 2586 vero
2840 2525 3013 2587 testi-

759 2619 960 2681 monia
990 2619 1364 2701 apertissime
1393 2620 1699 2683 declarant
1741 2621 2081 2684 Artemium
2118 2622 2325 2693 fuisse,
2361 2642 2479 2683 non
2497 2628 2731 2683 tantum
2760 2624 3009 2703 Georgio

758 2718 961 2780 ariano
993 2716 1580 2789 coniunctissimum,
1623 2719 1728 2780 sed
1779 2727 1835 2780 et
1879 2720 2082 2781 ariana
2123 2728 2289 2801 peste
2331 2720 2663 2781 infectum:
2703 2720 2765 2781 in
2794 2721 3011 2802 primis

756 2818 1032 2887 Ammon,
1055 2816 1374 2897 episcopus
1403 2817 1707 2898 AEgyptius
1750 2816 1854 2898 qui
1886 2825 2152 2900 tempore
2175 2818 2487 2899 Theophili
2510 2818 2774 2900 episcopi
2805 2819 3009 2882 floruit

762 2914 987 2993 quique
1025 2914 1296 2993 apprime
1329 2933 1424 2975 res
1464 2915 1524 2974 in
1565 2916 1810 2996 AEgypto
1854 2916 1967 2976 suh
2012 2917 2353 2978 Constantio
2382 2923 2580 2996 gestas
2603 2917 2855 2989 viderat,
2889 2925 3009 2979 tes-

764 3018 927 3074 tatur
984 3010 1316 3072 Artemium
1377 3012 1636 3073 multum
1694 3012 1882 3074 fuisse
1932 3014 1995 3074 in
2043 3015 2458 3094 persecutione
2543 3015 3006 3086 catholicorum,

761 3110 1180 3190 episcoporum
1227 3129 1442 3192 nempe
1486 3117 1544 3172 et
1586 3112 2020 3174 monachorum
2082 3119 2140 3173 et
2195 3112 2531 3194 virginum3
2581 3113 2767 3175 immo
2810 3133 2843 3175 e
2887 3114 3007 3176 vita

761 3207 949 3270 sancti
994 3207 1296 3269 Pachumii
1351 3208 1758 3288 comperimus
1808 3209 2141 3271 Artemium
2184 3210 2401 3272 ducem
2448 3212 2649 3273 omnia
2690 3231 2819 3272 esse
2848 3230 3011 3274 scm·-

758 3313 949 3368 tatum
993 3313 1063 3368 ut
1106 3306 1167 3366 in
1209 3307 1599 3368 Athanasium
1642 3308 1981 3370 exulantem
2028 3327 2274 3370 manum
2328 3309 2603 3381 iniceret,
2662 3316 2721 3372 et
2767 3309 2900 3372 ideo
2944 3311 3005 3370 in

758 3404 1158 3466 Tabennicam
1195 3404 1585 3466 solitudinem
1631 3424 1770 3466 cum
1814 3406 2109 3467 militibus
2145 3407 2537 3487 processisse3
2578 3407 2683 3469 uhi
2728 3403 3006 3470 monachi

761 3500 1008 3581 quidam
1038 3501 1228 3581 rogati
1246 3521 1386 3563 cum
1417 3502 1518 3562 illo
1553 3521 1723 3563 orare
1750 3502 1812 3563 id
1842 3503 2329 3584 officiipraestare
2357 3524 2661 3567 recusasse
2690 3513 3011 3567 narrantur

764 3618 902 3659 cum
933 3598 1148 3658 Ariano
1177 3598 1316 3659 fidei
1365 3600 1676 3684 catholicae
1713 3600 1862 3662 adeo
1913 3601 2331 3663 inimicissimo
2349 3607 2391 3662 ⁵.
2441 3603 2753 3684 Ignoratur
2781 3604 3005 3665 interea

768 3715 887 3776 quo
918 3696 1048 3757 loco
1076 3696 1376 3758 Artemius
1409 3697 1528 3758 dux
1557 3698 1922 3778 supplicium
1952 3699 2228 3760 subierit.

842 3794 1112 3856 Alterum
1149 3813 1288 3855 vero
1329 3795 1608 3856 novimus
1654 3796 2007 3867 Artemium,
2044 3796 2383 3877 depositum
2413 3798 2645 3860 scilicet
2678 3799 3008 3862 Constanti-

765 3891 970 3972 nopoli
1002 3892 1064 3952 in
1095 3891 1338 3954 basilica
1362 3893 1494 3954 eius
1525 3893 1766 3954 nomine
1787 3893 1947 3956 dicta
1971 3895 2167 3957 Sancti
2189 3896 2463 3968 Artemii,
2488 3889 2717 3958 cuius«
2739 3897 3010 3979 reliquiae

760 3991 1074 4051 sanitatem
1111 3991 1198 4051 eis
1240 3991 1344 4072 qui
1392 4011 1531 4052 cum
1571 3991 1686 4052 fide
1734 3992 1809 4053 ad
1850 3991 2051 4073 ipsum
2090 3993 2385 4056 accedunt
2432 3995 2749 4058 restituere
2780 4017 2808 4056 2>
2843 3997 3003 4058 dice-

823 4288 868 4335 1.
905 4285 1110 4342 Iuliam,
1139 4285 1382 4350 Epistul„
1413 4288 1469 4335 X.

821 4359 866 4405 2.
909 4360 1081 4413 Amm„
1115 4357 1204 4404 Res
1232 4361 1380 4421 qest„
1411 4358 1551 4413 xxu,
1587 4357 1662 4415 11,
1695 4358 1741 4406 2.

817 4428 864 4476 5.
901 4427 1198 4485 Tillemont„
1231 4426 1363 4476 nist.
1395 4427 1538 4484 ecch,
1564 4429 1660 4483 vll,
1695 4427 1925 4477 731-753.
1956 4428 2049 4479 Sil
2068 4430 2182 4492 sanc
2216 4429 2457 4494 reqarder
2487 4431 2685 4481 :lrteme
2716 4446 2903 4480 comme
2933 4447 3002 4480 un

761 4498 910 4547 Ανίωι
943 4514 1005 4546 ou
1030 4513 1216 4546 ramme
1245 4514 1311 4545 un
1347 4497 1560 4563 Martyr-
