3484 5650
1558 1303 1633 1383 11

557 1621 620 1681 ln
659 1618 1041 1700 supradictiS‚
1077 1625 1149 1679 ut
1188 1618 1438 1680 materia
1484 1618 1845 1697 postulabat,
1893 1618 2138 1698 exposui
2182 1619 2405 1698 quibus
2452 1620 2717 1700 partibus

476 1717 728 1779 adhaesit
767 1716 1200 1796 Philostorgius
1247 1723 1306 1777 et
1356 1716 1578 1796 quibus
1629 1716 1850 1777 studiis
1894 1716 2014 1777 fuit
2058 1715 2331 1779 devotus,
2377 1719 2463 1780 Ad
2508 1738 2722 1781 secun-

477 1815 614 1877 dam
632 1814 994 1876 veniendum
1019 1822 1110 1875 est
1128 1814 1521 1895 quaestionem
1551 1822 1610 1876 et
1638 1814 1803 1875 iuxta
1830 1814 2255 1894 disputationis
2274 1835 2423 1877 meae
2443 1817 2719 1879 ordinem

477 1912 910 1993 inquirendum
974 1912 1200 1992 quibus
1247 1932 1280 1973 e
1333 1912 1604 1973 fontibus
1663 1912 1925 1992 scriptor
1983 1918 2190 1974 noster
2232 1914 2547 1975 materiam
2594 1934 2719 1977 suae

474 2010 752 2072 Historiae
774 2010 1181 2071 ecclesiasticae
1195 2010 1485 2071 hauserit.
1514 2010 1571 2071 Si
1602 2010 1664 2070 in
1687 2009 2118 2089 investigandis
2142 2010 2409 2073 fontibus
2430 2012 2719 2073 divinatio

475 2108 888 2189 investigantis
928 2108 1166 2169 facilius
1201 2107 1458 2179 fallitur,
1495 2108 1547 2169 si
1581 2108 1905 2187 plerosque
1942 2108 2135 2169 fontes
2166 2107 2440 2189 ignorare
2474 2126 2719 2171 necesse

472 2212 586 2276 est,
621 2212 780 2269 certe
815 2225 886 2267 ex
922 2205 1020 2267 his
1059 2223 1195 2284 quae
1229 2205 1378 2267 scite
1416 2205 1582 2267 nosci
1621 2212 1854 2286 queunt
1882 2206 2205 2267 auctoritas
2234 2206 2501 2269 haeretici
2530 2207 2717 2269 nostri

474 2323 592 2364 non
631 2304 947 2365 minuitur.

547 2724 613 2785 In
641 2721 1071 2803 investigandis
1100 2720 1477 2799 Philostorgii
1507 2719 1775 2780 sontibus
1808 2739 1866 2780 v.
1902 2720 1979 2781 cl.
2019 2720 2354 2783 Ludovicus
2386 2724 2527 2803 Jeep
2556 2728 2711 2789 mul-

467 2832 564 2886 tus
607 2820 852 2904 quidem
899 2820 1038 2892 ruit,
1091 2819 1235 2881 felix
1284 2819 1527 2880 minus:
1584 2817 1698 2879 sibi
1754 2817 1918 2879 enim
1962 2818 2202 2881 facilius
2242 2822 2537 2900 persuasit
2581 2833 2710 2887 tum

466 2921 801 3000 Eunapium
838 2926 971 2981 tum
1021 2917 1511 2999 olympiodorum
1558 2917 1962 2996 philostorgio
2011 2918 2368 2996 innotuisse.
2409 2955 2491 2968 —
2518 2925 2713 2985 Euna-

465 3019 601 3100 pius
634 3017 903 3098 quidem,
946 3017 1051 3098 qui
1089 3017 1265 3096 paulo
1310 3023 1443 3096 post
1480 3034 1706 3076 annum
1750 3014 1869 3075 414
1903 3016 2079 3087 obiit,
2121 3017 2409 3080 Romanae
2445 3020 2712 3083 historiae

466 3117 653 3180 libros
676 3115 1131 3195 quatuordecim
1148 3114 1490 3193 scripserat,
1511 3112 1732 3191 quibus
1751 3114 2172 3176 continebatur
2195 3115 2444 3177 historia
2466 3137 2709 3180 romana

463 3215 602 3276 inde
634 3233 667 3276 a
714 3211 941 3274 Claudii
973 3213 1019 3274 Il
1061 3213 1312 3273 decessu
1361 3211 1452 3291 (A.
1487 3211 1552 3271 D.
1604 3209 1772 3290 270),
1818 3211 1880 3270 in
1914 3229 2098 3290 quem
2136 3213 2380 3293 Dexippi
2412 3215 2706 3277 Chronica

461 3311 784 3382 desierant,
821 3329 1012 3392 usque
1041 3310 1116 3370 ad
1142 3307 1380 3371 Arcadii
1410 3327 1638 3369 annum
1668 3308 1971 3370 decimum
2002 3311 2090 3390 (Α.
2125 3311 2188 3370 D.
2218 3309 2383 3390 404).
2408 3312 2710 3394 Olympio-

459 3410 643 3471 dorus
687 3428 826 3470 vero
878 3408 1198 3487 scripserat
1234 3407 1548 3469 sermones
1585 3406 1723 3468 XXII
1771 3406 2097 3478 historic-0³,
2141 3408 2365 3487 quibus
2399 3429 2493 3472 res
2522 3431 2705 3474 anno-

458 3527 593 3570 rum
625 3507 810 3568 ferme
839 3505 1175 3568 octodecim
1217 3504 1705 3575 continebantur,
1739 3504 1881 3565 inde
1906 3505 1981 3566 ab
2005 3507 2248 3567 Honorii
2283 3526 2438 3569 anno
2467 3509 2702 3573 decimo

457 3606 632 3667 tertio
674 3606 761 3686 (Α.
806 3607 869 3667 Ι).
913 3604 1080 3683 407),
1137 3622 1328 3683 usque
1376 3603 1451 3664 ad
1497 3621 1722 3664 annum
1782 3621 1903 3682 quo
1945 3603 2395 3668 Valentinianus
2445 3607 2701 3689 imperio

457 3704 682 3784 potitus
728 3711 818 3764 est
854 3704 947 3782 (Α.
994 3703 1058 3763 Ι).
1101 3701 1290 3780 425)¹.
1345 3737 1427 3746 —-
1481 3721 1508 3761 «
1565 3700 2018 3782 philostorgius,
2078 3703 2161 3764 ait
2216 3704 2475 3784 Jeepius,
2532 3708 2700 3769 seine

455 3800 850 3863 Nachrichten
942 3799 1049 3861 des
1127 3798 1687 3880 Profangeschichte
1768 3800 1924 3860 nach
2001 3801 2303 3881 Eunapios
2372 3803 2700 3882 gearbeitet

451 3919 524 3961 zu
570 3899 765 3960 haben
801 3919 827 3957 n
879 3898 1147 3967 videtur;
1199 3897 1482 3977 idemque
1521 3917 1546 3956 «
1595 3897 1700 3958 hat
1757 3897 1929 3958 nicht
1982 3899 2164 3960 allein
2226 3899 2343 3960 den
2403 3901 2695 3982 Eunapios

453 3998 715 4069 benutzt,
743 3996 1002 4059 sondern
1036 3996 1193 4057 auch
1222 3994 1708 4075 Olympiodoros¹
1746 4015 1801 4055 υ.

529 4096 592 4156 In
621 4102 877 4175 utroque
917 4096 1082 4175 (pace
1116 4093 1231 4154 viri
1271 4092 1589 4154 clarissimi
1629 4092 1847 4172 dicam)
1890 4092 2117 4154 fallitur
2151 4094 2484 4158 Ludovicus
2529 4098 2689 4177 Jeep.

531 4195 756 4255 Saeculo
821 4200 1034 4272 quarto
1111 4198 1362 4252 exeunte
1432 4190 1678 4271 plurimi
1753 4190 2001 4251 extitere
2064 4210 2266 4251 rerum
2330 4194 2687 4273 scriptores:

509 4371 557 4420 1.
595 4371 666 4421 Cf.
689 4373 738 4421 C.
764 4371 953 4430 muner,
983 4371 1186 4434 Fraqm.
1217 4368 1397 4418 histor.
1427 4384 1525 4432 qr„
1557 4375 1594 4417 t.
1625 4369 1698 4428 lv,
1729 4384 1779 4432 p.
1813 4368 1839 4417 '1
1871 4373 1922 4418 et
1948 4369 2027 4418 57.

508 4443 554 4492 2.
591 4443 642 4493 C.
673 4444 809 4506 Jeep,
834 4441 1484 4503 Quellenuntersuckunqen
1538 4456 1599 4488 su
1637 4439 1734 4488 den
1776 4439 2123 4504 griechischen
2158 4440 2692 4494 Kirckenltislorikern

449 4513 784 4576 (Iolao-bacher
810 4515 902 4576 sar
923 4512 1073 4562 cluss.
1109 4511 1409 4575 Philoloqie,
1440 4511 1559 4568 xlv,
1589 4511 1751 4574 1885),
1778 4525 1826 4573 p.
1858 4511 1917 4560 57
1948 4517 1999 4559 et
2032 4511 2107 4560 73.

2410 4606 2439 4653 Ἃ
