3484 5650
1099 654 1470 715 QUAESTIONES
1502 656 2038 709 PIIILOSTORGIANAE.
2624 660 2690 711 29

445 775 828 857 potissimum
873 773 1264 835 academiam.
1319 774 1478 843 Haec,
1511 774 1733 855 inquit,
1773 776 1835 836 in
1866 794 1973 837 sua
2004 774 2078 836 ad
2110 775 2420 838 Nicolaum
2467 796 2682 859 papam

445 874 766 954 apologia,·
799 892 826 932 ι(
877 872 1006 934 sine
1055 872 1336 952 lacrymis
1391 874 1849 935 commemorari
1902 873 2141 954 nequit!
2188 874 2273 935 Me
2320 875 2483 936 enim
2521 876 2683 937 domi

444 978 787 1033 manentem
816 978 960 1033 tunc
992 969 1330 1050 gratissima
1373 970 1747 1049 voluptatum
1791 970 2109 1034 oblectatio
2148 972 2680 1052 complectebatur,

447 1087 586 1131 cum
622 1068 1150 1147 circumspicerem
1181 1067 1543 1129 discentium
1591 1067 1973 1139 industriam,
2011 1069 2514 1150 interrogantium
2558 1080 2687 1133 stu-

446 1166 634 1237 dium,
680 1166 1136 1245 adloquentium
1182 1165 1690 1228 exercitationem.
1732 1168 1785 1227 Is
1822 1168 1983 1228 enim
2022 1168 2244 1229 chorus
2281 1168 2497 1229 domus
2532 1189 2683 1231 meae

443 1265 664 1326 chorus
691 1268 876 1326 erat¹.
913 1285 940 1324 »
975 1264 1048 1325 Et
1070 1263 1220 1325 illud
1258 1264 1457 1343 ipsum
1485 1264 1616 1325 eius
1649 1264 1973 1325 adversarii
1998 1265 2052 1326 ei
2083 1265 2145 1325 in
2184 1266 2423 1345 culpam
2451 1274 2684 1329 vertere

444 1362 606 1423 haud
643 1362 827 1423 semel
863 1369 1186 1433 tentavere,
1232 1360 1404 1441 quasi
1452 1362 1503 1422 si
1548 1362 1650 1422 tali
1685 1362 1964 1424 instituto
2000 1362 2245 1423 texisset
2285 1363 2487 1425 nescio
2535 1365 2682 1444 quid

442 1460 778 1541 iniquitatis
822 1460 1205 1529 retiaculum,
1253 1478 1372 1540 quo
1416 1460 1789 1540 simplicium
1837 1468 2068 1522 mentes
2111 1468 2349 1541 caperet
2385 1470 2681 1543 quotquot

442 1558 525 1620 ita
554 1558 988 1620 conveniebant
1033 1558 1192 1637 apud
1220 1558 1395 1618 illum
1439 1558 1775 1638 disciplinae
1810 1558 2115 1620 litterariae
2144 1563 2378 1620 causa¹.
2430 1560 2519 1621 Ad
2551 1562 2680 1623 haec

441 1657 686 1718 Photius
707 1657 1062 1717 immensam
1091 1675 1198 1735 pro
1225 1663 1495 1735 tempore
1524 1663 1584 1717 et
1613 1656 1997 1735 omnigenam
2032 1657 2363 1738 δυσευρέτων
2383 1657 2679 1719 librorum

442 1754 767 1834 collegerat
799 1753 1054 1833 copiam.
1112 1754 1321 1824 Immo,
1355 1760 1425 1814 ut
1465 1753 1576 1814 ista
1620 1754 1917 1815 librorum
1976 1754 2147 1833 copia
2195 1754 2269 1821 εἷς
2314 1760 2379 1813 τὸ
2427 1756 2681 1836 χρειῶδες

441 1851 698 1912 maxime
735 1857 1013 1921 verteret,
1053 1847 1377 1932 ἀναγνώσεις
1407 1870 1513 1911 seu
1547 1851 1933 1912 recitationes
1973 1851 2337 1912 instituerat.
2380 1855 2676 1930 Ἥιτησας,

443 1950 635 2010 aiebat
665 1949 792 2029 ipse
828 1949 903 2011 ad
930 1948 1238 2010 Tarasium
1271 1949 1520 2009 statrem
1554 1949 1848 2019 scribens,
1882 1948 1977 2016 τὰς
2011 1950 2285 2017 ὑποθέσεις
2320 1950 2536 2009 ἐκείνων
2568 1962 2679 2010 τῶν

444 2046 666 2128 βιὸλίων
699 2045 778 2114 οἷς
813 2045 892 2126 μὴ
947 2048 1248 2128 παρέτυχες
1286 2043 1805 2127 ἀναγινωσκομένοις
1855 2052 2133 2129 γραφῆναί
2184 2071 2290 2118 σοι,
2344 2046 2414 2106 ἵν’
2448 2047 2674 2129 ἔχοις...

441 2145 516 2204 ὧν
549 2147 702 2205 οὔπω
735 2144 810 2211 εἷς
839 2141 1003 2211 ἀκοὰς
1036 2148 1198 2224 ἡμῶν
1244 2141 1476 2224 ἀνέγνως
1523 2144 1571 2203 εἰ
1615 2143 1704 2203 καὶ
1750 2146 2160 2225 ὃιατυπωτικήν
2203 2168 2324 2205 τινα
2350 2144 2456 2204 ’καὶ
2498 2170 2678 2206 κοινο-

441 2245 603 2323 τέραν
635 2242 740 2322 τὴν
770 2244 1060 2323 ἐπίγνωσιν
1079 2260 1093 2275 ·
1127 2253 1301 2302 ταῦτα
1329 2245 1384 2301 δὲ
1420 2244 1534 2304 ἐστι
1565 2241 1763 2312 σπ’,...
1798 2253 2041 2303 τοσαῦτα
2066 2244 2191 2324 γάρ,
2234 2238 2411 2322 οἶμαι,
2448 2253 2549 2322 τῆς
2578 2252 2680 2323 σῆς

441 2339 502 2399 οὐ
542 2344 784 2421 τυχόντα
817 2347 1111 2421 παρουσίας
1161 2337 1569 2420 ἀναγνωσθῆναι
1617 2341 1957 2401 συνέπεσενὸ.
2020 2342 2277 2420 Apparet
2332 2340 2471 2401 inde
2518 2342 2677 2421 apud

439 2438 716 2499 Photium
743 2445 1076 2500 conventus
1127 2438 1393 2499 extitisse
1428 2438 1489 2499 in
1521 2438 1744 2518 quibus
1784 2438 1860 2499 de
1902 2438 2077 2499 libris
2111 2438 2547 2509 disserebatur,
2594 2440 2676 2500 ita

437 2543 506 2596 ul.
546 2536 784 2597 Tarasio
825 2536 1144 2616 contigerit
1188 2542 1248 2597 et
1282 2533 1798 2616 ἀναγινωσκομένοις
1830 2538 2270 2619 παρατυγχάνειν
2318 2544 2377 2597 et
2421 2538 2676 2598 aliorum

439 2633 513 2701 εἷς
563 2629 728 2702 ἁκόας
757 2631 1164 2714 ἀναγινώσκειν.

515 2730 939 2793 Photianarum
969 2732 1388 2793 recitationum
1423 2733 1696 2800 ὑποθέσεις
1720 2732 1797 2793 ad
1831 2750 1941 2793 nos
1968 2750 2157 2811 usque
2187 2739 2587 2811 pervenerunt
2612 2732 2675 2793 in

435 2829 588 2892 lih'ro
612 2831 717 2910 qui
749 2831 1104 2894 inscribitur
1128 2830 1538 2909 Myriobiblon,
1578 2831 1707 2906 ubi,
1751 2832 1908 2892 inter
1941 2831 2133 2892 varias
2161 2831 2461 2892 variorum
2490 2830 2676 2892 libro-

435 2927 963 3009 rumhypotheses,
997 2928 1342 3009 hypothesis
1381 2937 1685 3010 comparet
1703 2928 1981 2989 Historiae
2007 2929 2419 2989 ecclesiastieae
2450 2928 2678 2990 Philos-

434 3026 613 3107 torgii
633 3027 790 3105 (cod.
815 3026 944 3106 40).

519 3146 544 3184 ι(
577 3125 748 3186 Lecta
787 3131 900 3194 est,
934 3124 1153 3204 inquit,
1194 3124 1572 3204 philostorgii
1606 3125 1811 3185 Ariani
1863 3125 2129 3186 Historia
2174 3124 2667 3184 ecclesiastica...

433 3221 650 3302 Incipit
692 3223 766 3284 ab
813 3223 938 3284 Arii
993 3221 1192 3283 studio
1244 3222 1305 3282 in
1353 3223 1630 3284 haeresim
1675 3241 1747 3284 ac
1796 3222 1993 3302 primo
2039 3222 2278 3300 incepto
2344 3239 2539 3300 usque
2596 3219 2670 3280 ad

432 3320 584 3383 Aetii
614 3320 928 3400 impiisimi
955 3320 1216 3382 hominis
1260 3321 1803 3382 revocationem...
1845 3320 1915 3382 Et
1963 3320 2095 3380 haec
2129 3318 2375 3398 quidem
2417 3318 2667 3379 historia

430 3437 552 3481 uno
589 3418 890 3480 volumine
920 3437 1022 3479 sex
1044 3418 1230 3480 libros
1258 3419 1567 3499 complexa
1595 3419 1671 3480 ad
1709 3420 1825 3480 hoc
1853 3437 2047 3497 usque
2090 3424 2328 3497 tempus
2354 3416 2669 3496 progredi-

429 3524 632 3578 tur....
669 3516 800 3578 Haec
829 3516 1076 3596 quidem
1105 3515 1167 3576 in
1193 3535 1456 3595 praesens
1498 3517 1776 3597 legimus
1818 3518 1891 3578 At
1942 3522 2075 3596 post
2122 3534 2240 3576 non
2292 3515 2399 3576 diu
2446 3514 2507 3575 in
2556 3515 2671 3576 alio

431 3614 732 3676 volumine
761 3634 862 3675 sex
904 3613 1119 3693 reliqui
1163 3614 1303 3675 libri
1343 3615 1563 3694 reperti
1598 3623 1760 3686 sunt,
1794 3621 1862 3676 ut
1896 3613 2161 3675 extitisse
2188 3619 2383 3674 totum
2424 3632 2575 3693 opus
2608 3614 2671 3674 in

429 3712 604 3774 libris
647 3712 965 3774 duodecim
1006 3713 1323 3773 videatur:
1357 3731 1618 3792 quorum
1668 3713 1962 3774 librorum
2010 3711 2314 3792 principes
2367 3711 2581 3773 litterae
2622 3711 2672 3772 si

429 3816 882 3880 connectantur,
933 3810 1246 3890 scriptoris
1292 3810 1669 3891 philostorgii
1718 3829 1935 3872 nomen
1988 3809 2337 3871 conficiunt.
2402 3809 2675 3870 Pervenit

429 3908 504 3969 ad
532 3908 847 3969 Theodosii
892 3927 1087 3988 usque
1121 3907 1374 3969 minoris
1400 3914 1690 3989 tempora,
1725 3929 1795 3971 ac
1826 3915 1954 3970 tum
1981 3907 2205 3968 desinit
2237 3926 2402 3977 cum,
2434 3914 2672 3968 mortuo

429 4007 706 4077 Honorio,
735 4005 1102 4067 Theodosius
1133 4007 1378 4067 Romani
1417 4007 1655 4086 imperii
1695 4014 1931 4087 sceptra
1968 4004 2379 4067 Valentiniano
2427 4005 2667 4073 minori,

429 4104 708 4166 Placidiae
753 4111 812 4164 et
840 4103 1206 4166 Constantini
1238 4104 1381 4175 filio,
1420 4105 1671 4184 patrueli
1704 4123 1813 4165 suo
1848 4102 2113 4164 tradidit.
2156 4123 2183 4162 »

492 4371 536 4419 1.
572 4369 758 4426 Photii,
790 4369 1055 4434 Epistuloe,
1087 4372 1124 4426 1,
1156 4370 1202 4418 2.
1233 4397 1296 4406 —
1319 4371 1366 4419 2.
1392 4370 1545 4420 NIcct.
1587 4369 1699 4420 Vita
1720 4367 1913 4434 Ignatii
1940 4366 2128 4432 (Mansi,
2148 4367 2260 4423 XVI,
2281 4365 2412 4429 229).
2441 4368 2667 4418 Anastas.

425 4440 680 4498 biblioth..
703 4442 913 4505 Praefat.
947 4441 1002 4488 in
1041 4441 1145 4490 VIII
1171 4441 1346 4505 synod.
1379 4440 1565 4505 (Mansi,
1597 4440 1712 4498 xvl,
1743 4441 1814 4503 5).

488 4512 535 4559 3.
574 4513 731 4568 Phot..
763 4512 1350 4576 Illyriobffllonsprooem.
