<?xml version="1.0" encoding="UTF-8"?>
<!DOCTYPE html PUBLIC "-//W3C//DTD XHTML 1.0 Transitional//EN"
    "http://www.w3.org/TR/xhtml1/DTD/xhtml1-transitional.dtd">
<html xmlns="http://www.w3.org/1999/xhtml" xml:lang="en" lang="en">
 <head>
  <title>
</title>
<meta http-equiv="Content-Type" content="text/html;charset=utf-8" />
  <meta name='ocr-system' content='tesseract 3.04.00' />
  <meta name='ocr-capabilities' content='ocr_page ocr_carea ocr_par ocr_line ocrx_word'/>
</head>
<body>
  <div class='ocr_page' id='page_1' title='image "./qustionesphilos00batigoog_0023.png"; bbox 0 0 3484 5650; ppageno 0'>
   <div class='ocr_carea' id='block_1_1' title="bbox 1081 680 2655 739">
    <p class='ocr_par' dir='ltr' id='par_1_1' title="bbox 1081 680 2655 739">
     <span class='ocr_line' id='line_1_1' title="bbox 1081 680 2655 739; baseline 0.001 -9"><span class='ocrx_word' id='word_1_1' title='bbox 1081 681 1449 739; x_wconf 79' lang='lat' dir='ltr'>QUAESTIONES</span> <span class='ocrx_word' id='word_1_2' title='bbox 1482 680 2018 731; x_wconf 79' lang='lat' dir='ltr'>PHILOSTORGIANAE.</span> <span class='ocrx_word' id='word_1_3' title='bbox 2598 681 2655 734; x_wconf 82' lang='lat'>11</span> 
     </span>
    </p>
   </div>
   <div class='ocr_carea' id='block_1_2' title="bbox 425 797 2752 1958">
    <p class='ocr_par' dir='ltr' id='par_1_2' title="bbox 425 797 2752 1469">
     <span class='ocr_line' id='line_1_2' title="bbox 425 797 2658 876; baseline -0 -15"><span class='ocrx_word' id='word_1_4' title='bbox 425 799 632 862; x_wconf 87' lang='lat' dir='ltr'>clerici</span> <span class='ocrx_word' id='word_1_5' title='bbox 665 798 1019 862; x_wconf 84' lang='lat' dir='ltr'>Eunomium</span> <span class='ocrx_word' id='word_1_6' title='bbox 1042 797 1442 860; x_wconf 86' lang='lat' dir='ltr'>criminantur</span> <span class='ocrx_word' id='word_1_7' title='bbox 1480 797 1639 876; x_wconf 91' lang='lat' dir='ltr'>apud</span> <span class='ocrx_word' id='word_1_8' title='bbox 1673 798 2030 869; x_wconf 84' lang='lat' dir='ltr'>Eudoxium,</span> <span class='ocrx_word' id='word_1_9' title='bbox 2063 805 2210 860; x_wconf 91' lang='lat' dir='ltr'>tunc</span> <span class='ocrx_word' id='word_1_10' title='bbox 2241 799 2658 860; x_wconf 89' lang='lat' dir='ltr'>Constantino-</span> 
     </span>
     <span class='ocr_line' id='line_1_3' title="bbox 427 892 2661 978; baseline 0 -20"><span class='ocrx_word' id='word_1_11' title='bbox 427 899 583 978; x_wconf 88' lang='lat' dir='ltr'>polis</span> <span class='ocrx_word' id='word_1_12' title='bbox 637 898 1005 977; x_wconf 87' lang='lat' dir='ltr'>episcopum,</span> <span class='ocrx_word' id='word_1_13' title='bbox 1056 896 1217 976; x_wconf 89' lang='lat' dir='ltr'>quod</span> <span class='ocrx_word' id='word_1_14' title='bbox 1274 892 1646 975; x_wconf 72' lang='grc' dir='ltr'>ἀνομοιότητα</span> <span class='ocrx_word' id='word_1_15' title='bbox 1701 896 1890 958; x_wconf 89' lang='lat' dir='ltr'>Patris</span> <span class='ocrx_word' id='word_1_16' title='bbox 1955 903 2014 957; x_wconf 86' lang='lat' dir='ltr'>et</span> <span class='ocrx_word' id='word_1_17' title='bbox 2063 897 2194 957; x_wconf 88' lang='lat' dir='ltr'>Filii</span> <span class='ocrx_word' id='word_1_18' title='bbox 2247 897 2444 966; x_wconf 90' lang='lat' dir='ltr'>docet,</span> <span class='ocrx_word' id='word_1_19' title='bbox 2498 897 2661 976; x_wconf 89' lang='lat' dir='ltr'>quod</span> 
     </span>
     <span class='ocr_line' id='line_1_4' title="bbox 426 989 2752 1074; baseline 0 -19"><span class='ocrx_word' id='word_1_20' title='bbox 426 1003 689 1058; x_wconf 85' lang='lat' dir='ltr'>vetustos</span> <span class='ocrx_word' id='word_1_21' title='bbox 724 995 876 1058; x_wconf 87' lang='lat' dir='ltr'>ritus</span> <span class='ocrx_word' id='word_1_22' title='bbox 908 1001 1123 1056; x_wconf 89' lang='lat' dir='ltr'>mutat.</span> <span class='ocrx_word' id='word_1_23' title='bbox 1161 994 1511 1063; x_wconf 83' lang='lat' dir='ltr'>EunomiuS,</span> <span class='ocrx_word' id='word_1_24' title='bbox 1550 994 1961 1054; x_wconf 73' lang='lat' dir='ltr'>defensionem</span> <span class='ocrx_word' id='word_1_25' title='bbox 1999 1013 2170 1056; x_wconf 90' lang='lat' dir='ltr'>suam</span> <span class='ocrx_word' id='word_1_26' title='bbox 2211 1013 2460 1056; x_wconf 83' lang='lat' dir='ltr'>exorsus</span> <span class='ocrx_word' id='word_1_27' title='bbox 2501 994 2660 1074; x_wconf 91' lang='lat' dir='ltr'>apud</span> <span class='ocrx_word' id='word_1_28' title='bbox 2747 989 2752 994; x_wconf 69' lang='grc'>’</span> 
     </span>
     <span class='ocr_line' id='line_1_5' title="bbox 428 1092 2656 1174; baseline -0.001 -18"><span class='ocrx_word' id='word_1_29' title='bbox 428 1094 658 1156; x_wconf 87' lang='lat' dir='ltr'>clerum</span> <span class='ocrx_word' id='word_1_30' title='bbox 697 1093 876 1174; x_wconf 84' lang='lat' dir='ltr'>regiae</span> <span class='ocrx_word' id='word_1_31' title='bbox 907 1092 1101 1163; x_wconf 82' lang='lat' dir='ltr'>urbiS,</span> <span class='ocrx_word' id='word_1_32' title='bbox 1150 1092 1415 1172; x_wconf 90' lang='lat' dir='ltr'>primum</span> <span class='ocrx_word' id='word_1_33' title='bbox 1456 1092 1688 1170; x_wconf 79' lang='lat' dir='ltr'>ingenti</span> <span class='ocrx_word' id='word_1_34' title='bbox 1732 1093 2128 1154; x_wconf 79' lang='lat' dir='ltr'>admiratione</span> <span class='ocrx_word' id='word_1_35' title='bbox 2168 1093 2486 1172; x_wconf 80' lang='lat' dir='ltr'>excipitur.</span> <span class='ocrx_word' id='word_1_36' title='bbox 2518 1092 2656 1163; x_wconf 88' lang='lat' dir='ltr'>Sed,</span> 
     </span>
     <span class='ocr_line' id='line_1_6' title="bbox 425 1189 2660 1271; baseline -0.001 -17"><span class='ocrx_word' id='word_1_37' title='bbox 425 1192 688 1254; x_wconf 84' lang='lat' dir='ltr'>Eudoxio</span> <span class='ocrx_word' id='word_1_38' title='bbox 712 1191 871 1271; x_wconf 91' lang='lat' dir='ltr'>apud</span> <span class='ocrx_word' id='word_1_39' title='bbox 899 1189 1258 1252; x_wconf 91' lang='lat' dir='ltr'>Eunomium</span> <span class='ocrx_word' id='word_1_40' title='bbox 1285 1191 1524 1269; x_wconf 88' lang='lat' dir='ltr'>urgenti</span> <span class='ocrx_word' id='word_1_41' title='bbox 1554 1196 1621 1250; x_wconf 90' lang='lat' dir='ltr'>ut</span> <span class='ocrx_word' id='word_1_42' title='bbox 1645 1190 1798 1250; x_wconf 91' lang='lat' dir='ltr'>Aetii</span> <span class='ocrx_word' id='word_1_43' title='bbox 1824 1190 2181 1269; x_wconf 82' lang='lat' dir='ltr'>depositioni</span> <span class='ocrx_word' id='word_1_44' title='bbox 2213 1198 2271 1252; x_wconf 92' lang='lat' dir='ltr'>et</span> <span class='ocrx_word' id='word_1_45' title='bbox 2297 1191 2660 1252; x_wconf 82' lang='lat' dir='ltr'>Ariminensi</span> 
     </span>
     <span class='ocr_line' id='line_1_7' title="bbox 426 1287 2660 1372; baseline -0 -21"><span class='ocrx_word' id='word_1_46' title='bbox 426 1290 692 1372; x_wconf 89' lang='lat' dir='ltr'>symbolo</span> <span class='ocrx_word' id='word_1_47' title='bbox 728 1288 1108 1356; x_wconf 86' lang='lat' dir='ltr'>suscriberet,</span> <span class='ocrx_word' id='word_1_48' title='bbox 1161 1287 1490 1348; x_wconf 85' lang='lat' dir='ltr'>Eunomius</span> <span class='ocrx_word' id='word_1_49' title='bbox 1547 1294 1832 1348; x_wconf 89' lang='lat' dir='ltr'>neutrum</span> <span class='ocrx_word' id='word_1_50' title='bbox 1877 1295 2160 1367; x_wconf 82' lang='lat' dir='ltr'>praestare</span> <span class='ocrx_word' id='word_1_51' title='bbox 2205 1288 2416 1350; x_wconf 78' lang='lat' dir='ltr'>voluit.</span> <span class='ocrx_word' id='word_1_52' title='bbox 2477 1289 2660 1350; x_wconf 90' lang='lat' dir='ltr'>Immo</span> 
     </span>
     <span class='ocr_line' id='line_1_8' title="bbox 426 1385 1663 1469; baseline -0.006 -18"><span class='ocrx_word' id='word_1_53' title='bbox 426 1394 637 1469; x_wconf 89' lang='lat' dir='ltr'>sponte</span> <span class='ocrx_word' id='word_1_54' title='bbox 670 1406 777 1448; x_wconf 88' lang='lat' dir='ltr'>sua</span> <span class='ocrx_word' id='word_1_55' title='bbox 800 1386 1073 1467; x_wconf 85' lang='lat' dir='ltr'>Cyzicum</span> <span class='ocrx_word' id='word_1_56' title='bbox 1102 1385 1335 1446; x_wconf 86' lang='lat' dir='ltr'>dimisit</span> <span class='ocrx_word' id='word_1_57' title='bbox 1359 1386 1469 1462; x_wconf 91' lang='lat' dir='ltr'>(Vl,</span> <span class='ocrx_word' id='word_1_58' title='bbox 1507 1385 1663 1465; x_wconf 72' lang='grc'><strong>1-4).</strong></span> 
     </span>
    </p>

    <p class='ocr_par' dir='ltr' id='par_1_3' title="bbox 426 1483 2667 1958">
     <span class='ocr_line' id='line_1_9' title="bbox 506 1483 2664 1565; baseline -0.001 -17"><span class='ocrx_word' id='word_1_59' title='bbox 506 1488 574 1549; x_wconf 86' lang='lat' dir='ltr'>Et</span> <span class='ocrx_word' id='word_1_60' title='bbox 605 1486 781 1565; x_wconf 88' lang='lat' dir='ltr'>paulo</span> <span class='ocrx_word' id='word_1_61' title='bbox 815 1492 970 1564; x_wconf 88' lang='lat' dir='ltr'>post,</span> <span class='ocrx_word' id='word_1_62' title='bbox 1006 1484 1266 1545; x_wconf 86' lang='lat' dir='ltr'>Eudoxio</span> <span class='ocrx_word' id='word_1_63' title='bbox 1302 1483 1580 1562; x_wconf 88' lang='lat' dir='ltr'>episcopo</span> <span class='ocrx_word' id='word_1_64' title='bbox 1628 1483 2174 1563; x_wconf 80' lang='lat' dir='ltr'>Constantinopolis</span> <span class='ocrx_word' id='word_1_65' title='bbox 2217 1491 2276 1545; x_wconf 90' lang='lat' dir='ltr'>et</span> <span class='ocrx_word' id='word_1_66' title='bbox 2304 1484 2516 1546; x_wconf 82' lang='lat' dir='ltr'>Euzoio</span> <span class='ocrx_word' id='word_1_67' title='bbox 2544 1486 2664 1545; x_wconf 89' lang='lat' dir='ltr'>An·-</span> 
     </span>
     <span class='ocr_line' id='line_1_10' title="bbox 426 1581 2666 1662; baseline -0.001 -17"><span class='ocrx_word' id='word_1_68' title='bbox 426 1585 687 1654; x_wconf 86' lang='lat' dir='ltr'>tiochiae,</span> <span class='ocrx_word' id='word_1_69' title='bbox 724 1583 960 1646; x_wconf 88' lang='lat' dir='ltr'>Aetium</span> <span class='ocrx_word' id='word_1_70' title='bbox 1002 1581 1308 1642; x_wconf 87' lang='lat' dir='ltr'>absolvere</span> <span class='ocrx_word' id='word_1_71' title='bbox 1352 1582 1766 1650; x_wconf 81' lang='lat' dir='ltr'>renuentibus,</span> <span class='ocrx_word' id='word_1_72' title='bbox 1812 1582 2136 1642; x_wconf 85' lang='lat' dir='ltr'>Eunomius</span> <span class='ocrx_word' id='word_1_73' title='bbox 2179 1602 2299 1643; x_wconf 89' lang='lat' dir='ltr'>una</span> <span class='ocrx_word' id='word_1_74' title='bbox 2347 1603 2486 1644; x_wconf 93' lang='lat' dir='ltr'>cum</span> <span class='ocrx_word' id='word_1_75' title='bbox 2536 1583 2666 1662; x_wconf 91' lang='lat' dir='ltr'>epi-</span> 
     </span>
     <span class='ocr_line' id='line_1_11' title="bbox 427 1679 2662 1762; baseline -0.002 -17"><span class='ocrx_word' id='word_1_76' title='bbox 427 1683 627 1762; x_wconf 89' lang='lat' dir='ltr'>scopis</span> <span class='ocrx_word' id='word_1_77' title='bbox 652 1680 1015 1760; x_wconf 76' lang='lat' dir='ltr'>quibusdam</span> <span class='ocrx_word' id='word_1_78' title='bbox 1044 1680 1148 1760; x_wconf 91' lang='lat' dir='ltr'>qui</span> <span class='ocrx_word' id='word_1_79' title='bbox 1176 1699 1286 1740; x_wconf 91' lang='lat' dir='ltr'>nec</span> <span class='ocrx_word' id='word_1_80' title='bbox 1311 1679 1677 1740; x_wconf 81' lang='lat' dir='ltr'>damnationi</span> <span class='ocrx_word' id='word_1_81' title='bbox 1705 1680 1854 1740; x_wconf 87' lang='lat' dir='ltr'>Aetii</span> <span class='ocrx_word' id='word_1_82' title='bbox 1872 1699 1982 1741; x_wconf 91' lang='lat' dir='ltr'>nec</span> <span class='ocrx_word' id='word_1_83' title='bbox 1997 1680 2360 1741; x_wconf 82' lang='lat' dir='ltr'>Ariminensi</span> <span class='ocrx_word' id='word_1_84' title='bbox 2392 1681 2662 1762; x_wconf 90' lang='lat' dir='ltr'>symbolo</span> 
     </span>
     <span class='ocr_line' id='line_1_12' title="bbox 426 1776 2664 1856; baseline -0.002 -13"><span class='ocrx_word' id='word_1_85' title='bbox 426 1779 764 1843; x_wconf 83' lang='lat' dir='ltr'>suscribere</span> <span class='ocrx_word' id='word_1_86' title='bbox 794 1778 1226 1847; x_wconf 86' lang='lat' dir='ltr'>sustinuerant,</span> <span class='ocrx_word' id='word_1_87' title='bbox 1258 1777 1497 1837; x_wconf 85' lang='lat' dir='ltr'>Aetium</span> <span class='ocrx_word' id='word_1_88' title='bbox 1522 1776 1872 1856; x_wconf 89' lang='lat' dir='ltr'>episcopum</span> <span class='ocrx_word' id='word_1_89' title='bbox 1895 1776 2270 1839; x_wconf 88' lang='lat' dir='ltr'>ordinarunt.</span> <span class='ocrx_word' id='word_1_90' title='bbox 2297 1776 2411 1839; x_wconf 90' lang='lat' dir='ltr'>Sed</span> <span class='ocrx_word' id='word_1_91' title='bbox 2429 1785 2490 1838; x_wconf 89' lang='lat' dir='ltr'>et</span> <span class='ocrx_word' id='word_1_92' title='bbox 2513 1777 2664 1838; x_wconf 87' lang='lat' dir='ltr'>alios</span> 
     </span>
     <span class='ocr_line' id='line_1_13' title="bbox 427 1875 2667 1958; baseline -0.003 -18"><span class='ocrx_word' id='word_1_93' title='bbox 427 1879 738 1958; x_wconf 88' lang='lat' dir='ltr'>episcopos</span> <span class='ocrx_word' id='word_1_94' title='bbox 785 1875 1161 1945; x_wconf 86' lang='lat' dir='ltr'>ordinarunt,</span> <span class='ocrx_word' id='word_1_95' title='bbox 1208 1882 1267 1936; x_wconf 86' lang='lat' dir='ltr'>et</span> <span class='ocrx_word' id='word_1_96' title='bbox 1304 1876 1517 1935; x_wconf 87' lang='lat' dir='ltr'>exinde</span> <span class='ocrx_word' id='word_1_97' title='bbox 1554 1875 1831 1936; x_wconf 85' lang='lat' dir='ltr'>Eunomii</span> <span class='ocrx_word' id='word_1_98' title='bbox 1868 1875 2049 1936; x_wconf 89' lang='lat' dir='ltr'>factio</span> <span class='ocrx_word' id='word_1_99' title='bbox 2096 1893 2236 1937; x_wconf 89' lang='lat' dir='ltr'>suos</span> <span class='ocrx_word' id='word_1_100' title='bbox 2277 1876 2492 1937; x_wconf 91' lang='lat' dir='ltr'>habuit</span> <span class='ocrx_word' id='word_1_101' title='bbox 2539 1875 2667 1955; x_wconf 86' lang='lat' dir='ltr'>epi·</span> 
     </span>
    </p>
   </div>
   <div class='ocr_carea' id='block_1_3' title="bbox 323 1973 2662 2056">
    <p class='ocr_par' dir='ltr' id='par_1_4' title="bbox 323 1973 2662 2056">
     <span class='ocr_line' id='line_1_14' title="bbox 323 1973 2662 2056; baseline -0.003 -18"><span class='ocrx_word' id='word_1_102' title='bbox 323 2007 331 2011; x_wconf 91' lang='lat'>·</span> <span class='ocrx_word' id='word_1_103' title='bbox 428 1995 638 2055; x_wconf 89' lang='lat' dir='ltr'>scopos</span> <span class='ocrx_word' id='word_1_104' title='bbox 667 1975 729 2034; x_wconf 89' lang='lat' dir='ltr'>in</span> <span class='ocrx_word' id='word_1_105' title='bbox 755 1973 934 2056; x_wconf 85' lang='lat' dir='ltr'>Lydia</span> <span class='ocrx_word' id='word_1_106' title='bbox 960 1980 1018 2034; x_wconf 92' lang='lat' dir='ltr'>et</span> <span class='ocrx_word' id='word_1_107' title='bbox 1046 1973 1231 2043; x_wconf 91' lang='lat' dir='ltr'>Ionia,</span> <span class='ocrx_word' id='word_1_108' title='bbox 1268 1973 1331 2033; x_wconf 90' lang='lat' dir='ltr'>in</span> <span class='ocrx_word' id='word_1_109' title='bbox 1360 1973 1676 2043; x_wconf 88' lang='lat' dir='ltr'>Palestina,</span> <span class='ocrx_word' id='word_1_110' title='bbox 1711 1973 1774 2032; x_wconf 92' lang='lat' dir='ltr'>in</span> <span class='ocrx_word' id='word_1_111' title='bbox 1804 1974 2028 2034; x_wconf 91' lang='lat' dir='ltr'>Galatia</span> <span class='ocrx_word' id='word_1_112' title='bbox 2063 1981 2123 2035; x_wconf 95' lang='lat' dir='ltr'>et</span> <span class='ocrx_word' id='word_1_113' title='bbox 2164 1975 2553 2054; x_wconf 86' lang='lat' dir='ltr'>Cappadocia,</span> <span class='ocrx_word' id='word_1_114' title='bbox 2601 1975 2662 2032; x_wconf 91' lang='lat' dir='ltr'>in</span> 
     </span>
    </p>
   </div>
   <div class='ocr_carea' id='block_1_4' title="bbox 428 2070 2683 4604">
    <p class='ocr_par' dir='ltr' id='par_1_5' title="bbox 428 2070 2670 2937">
     <span class='ocr_line' id='line_1_15' title="bbox 428 2070 2659 2152; baseline -0.001 -17"><span class='ocrx_word' id='word_1_115' title='bbox 428 2073 654 2143; x_wconf 87' lang='lat' dir='ltr'>Cilicia,</span> <span class='ocrx_word' id='word_1_116' title='bbox 700 2073 763 2133; x_wconf 89' lang='lat' dir='ltr'>in</span> <span class='ocrx_word' id='word_1_117' title='bbox 810 2071 1011 2152; x_wconf 89' lang='lat' dir='ltr'>Libya,</span> <span class='ocrx_word' id='word_1_118' title='bbox 1059 2071 1391 2132; x_wconf 82' lang='lat' dir='ltr'>Antiochiae</span> <span class='ocrx_word' id='word_1_119' title='bbox 1439 2070 1683 2132; x_wconf 91' lang='lat' dir='ltr'>demum</span> <span class='ocrx_word' id='word_1_120' title='bbox 1742 2078 1799 2132; x_wconf 94' lang='lat' dir='ltr'>et</span> <span class='ocrx_word' id='word_1_121' title='bbox 1855 2071 2366 2152; x_wconf 87' lang='lat' dir='ltr'>Constantinopoli</span> <span class='ocrx_word' id='word_1_122' title='bbox 2404 2073 2542 2152; x_wconf 90' lang='lat' dir='ltr'>(Vll,</span> <span class='ocrx_word' id='word_1_123' title='bbox 2590 2071 2659 2138; x_wconf 74' lang='grc' dir='ltr'>ὃς</span> 
     </span>
     <span class='ocr_line' id='line_1_16' title="bbox 429 2165 2666 2250; baseline -0.002 -17"><span class='ocrx_word' id='word_1_124' title='bbox 429 2172 567 2240; x_wconf 89' lang='lat' dir='ltr'>Vlll,</span> <span class='ocrx_word' id='word_1_125' title='bbox 604 2170 687 2248; x_wconf 77' lang='lat'>2).</span> <span class='ocrx_word' id='word_1_126' title='bbox 721 2203 801 2216; x_wconf 91' lang='lat'>—</span> <span class='ocrx_word' id='word_1_127' title='bbox 832 2165 1201 2230; x_wconf 85' lang='lat' dir='ltr'>Eunomiana</span> <span class='ocrx_word' id='word_1_128' title='bbox 1244 2169 1495 2230; x_wconf 91' lang='lat' dir='ltr'>ecclesia</span> <span class='ocrx_word' id='word_1_129' title='bbox 1530 2189 1601 2229; x_wconf 84' lang='lat' dir='ltr'>ex</span> <span class='ocrx_word' id='word_1_130' title='bbox 1639 2170 1802 2230; x_wconf 89' lang='lat' dir='ltr'>omni</span> <span class='ocrx_word' id='word_1_131' title='bbox 1839 2177 2006 2249; x_wconf 86' lang='lat' dir='ltr'>parte</span> <span class='ocrx_word' id='word_1_132' title='bbox 2034 2177 2419 2250; x_wconf 86' lang='lat' dir='ltr'>propagatur,</span> <span class='ocrx_word' id='word_1_133' title='bbox 2450 2170 2666 2231; x_wconf 88' lang='lat' dir='ltr'>Basilio</span> 
     </span>
     <span class='ocr_line' id='line_1_17' title="bbox 433 2267 2668 2348; baseline -0.002 -16"><span class='ocrx_word' id='word_1_134' title='bbox 433 2267 799 2337; x_wconf 68' lang='lat' dir='ltr'>Caesariensi,</span> <span class='ocrx_word' id='word_1_135' title='bbox 837 2267 1119 2348; x_wconf 83' lang='lat' dir='ltr'>Gregorio</span> <span class='ocrx_word' id='word_1_136' title='bbox 1154 2267 1539 2337; x_wconf 82' lang='lat' dir='ltr'>NazianzenO,</span> <span class='ocrx_word' id='word_1_137' title='bbox 1584 2267 1924 2346; x_wconf 84' lang='lat' dir='ltr'>Apollinare</span> <span class='ocrx_word' id='word_1_138' title='bbox 1955 2269 2284 2329; x_wconf 87' lang='lat' dir='ltr'>Laodiceno</span> <span class='ocrx_word' id='word_1_139' title='bbox 2313 2268 2535 2329; x_wconf 86' lang='lat' dir='ltr'>frustra</span> <span class='ocrx_word' id='word_1_140' title='bbox 2565 2267 2668 2328; x_wconf 90' lang='lat' dir='ltr'>ob·</span> 
     </span>
     <span class='ocr_line' id='line_1_18' title="bbox 438 2365 2662 2447; baseline -0.002 -20"><span class='ocrx_word' id='word_1_141' title='bbox 438 2367 787 2428; x_wconf 88' lang='lat' dir='ltr'>sistentibus</span> <span class='ocrx_word' id='word_1_142' title='bbox 826 2366 997 2426; x_wconf 87' lang='lat' dir='ltr'>mirae</span> <span class='ocrx_word' id='word_1_143' title='bbox 1040 2365 1335 2426; x_wconf 82' lang='lat' dir='ltr'>facundiae</span> <span class='ocrx_word' id='word_1_144' title='bbox 1373 2370 1501 2425; x_wconf 89' lang='lat' dir='ltr'>tum</span> <span class='ocrx_word' id='word_1_145' title='bbox 1553 2365 1703 2426; x_wconf 90' lang='lat' dir='ltr'>Aetii</span> <span class='ocrx_word' id='word_1_146' title='bbox 1753 2372 1883 2426; x_wconf 90' lang='lat' dir='ltr'>tum</span> <span class='ocrx_word' id='word_1_147' title='bbox 1930 2366 2204 2428; x_wconf 90' lang='lat' dir='ltr'>Eunomii</span> <span class='ocrx_word' id='word_1_148' title='bbox 2237 2367 2395 2447; x_wconf 71' lang='lat' dir='ltr'>(vill,</span> <span class='ocrx_word' id='word_1_149' title='bbox 2433 2365 2662 2444; x_wconf 83' lang='lat'><strong>11-18).</strong></span> 
     </span>
     <span class='ocr_line' id='line_1_19' title="bbox 434 2463 2666 2543; baseline -0.001 -16"><span class='ocrx_word' id='word_1_150' title='bbox 434 2466 619 2526; x_wconf 91' lang='lat' dir='ltr'>Immo</span> <span class='ocrx_word' id='word_1_151' title='bbox 654 2463 1029 2525; x_wconf 81' lang='lat' dir='ltr'>eunomianae</span> <span class='ocrx_word' id='word_1_152' title='bbox 1073 2463 1346 2524; x_wconf 82' lang='lat' dir='ltr'>factionis</span> <span class='ocrx_word' id='word_1_153' title='bbox 1392 2463 1581 2543; x_wconf 89' lang='lat' dir='ltr'>pietas</span> <span class='ocrx_word' id='word_1_154' title='bbox 1626 2463 1934 2524; x_wconf 89' lang='lat' dir='ltr'>miraculis</span> <span class='ocrx_word' id='word_1_155' title='bbox 1975 2464 2399 2543; x_wconf 86' lang='lat' dir='ltr'>comprobatur</span> <span class='ocrx_word' id='word_1_156' title='bbox 2443 2487 2457 2523; x_wconf 91' lang='lat'>:</span> <span class='ocrx_word' id='word_1_157' title='bbox 2514 2465 2666 2524; x_wconf 92' lang='lat' dir='ltr'>refe-</span> 
     </span>
     <span class='ocr_line' id='line_1_20' title="bbox 432 2561 2664 2642; baseline -0.001 -18"><span class='ocrx_word' id='word_1_158' title='bbox 432 2570 648 2624; x_wconf 89' lang='lat' dir='ltr'>runtur</span> <span class='ocrx_word' id='word_1_159' title='bbox 677 2562 966 2642; x_wconf 91' lang='lat' dir='ltr'>stupenda</span> <span class='ocrx_word' id='word_1_160' title='bbox 990 2562 1263 2641; x_wconf 82' lang='lat' dir='ltr'>quaedam</span> <span class='ocrx_word' id='word_1_161' title='bbox 1284 2562 1574 2622; x_wconf 87' lang='lat' dir='ltr'>miracula</span> <span class='ocrx_word' id='word_1_162' title='bbox 1595 2561 1770 2632; x_wconf 90' lang='lat' dir='ltr'>Aetii‚</span> <span class='ocrx_word' id='word_1_163' title='bbox 1795 2562 2095 2632; x_wconf 86' lang='lat' dir='ltr'>Eunomii,</span> <span class='ocrx_word' id='word_1_164' title='bbox 2119 2563 2370 2635; x_wconf 89' lang='lat' dir='ltr'>Leontii,</span> <span class='ocrx_word' id='word_1_165' title='bbox 2394 2562 2664 2628; x_wconf 83' lang='lat' dir='ltr'>Candidi,</span> 
     </span>
     <span class='ocr_line' id='line_1_21' title="bbox 436 2659 2668 2740; baseline -0.001 -18"><span class='ocrx_word' id='word_1_166' title='bbox 436 2660 685 2740; x_wconf 85' lang='lat' dir='ltr'>Evagrii,</span> <span class='ocrx_word' id='word_1_167' title='bbox 733 2660 992 2735; x_wconf 88' lang='lat' dir='ltr'>Arriani,</span> <span class='ocrx_word' id='word_1_168' title='bbox 1043 2659 1346 2730; x_wconf 87' lang='lat' dir='ltr'>Florentii,</span> <span class='ocrx_word' id='word_1_169' title='bbox 1406 2660 1711 2740; x_wconf 84' lang='lat' dir='ltr'>praecipue</span> <span class='ocrx_word' id='word_1_170' title='bbox 1763 2679 1903 2721; x_wconf 77' lang='lat' dir='ltr'>vero</span> <span class='ocrx_word' id='word_1_171' title='bbox 1949 2660 2259 2740; x_wconf 86' lang='lat' dir='ltr'>Theophili</span> <span class='ocrx_word' id='word_1_172' title='bbox 2309 2661 2668 2740; x_wconf 86' lang='lat' dir='ltr'>cognomine</span> 
     </span>
     <span class='ocr_line' id='line_1_22' title="bbox 432 2755 2670 2837; baseline -0 -18"><span class='ocrx_word' id='word_1_173' title='bbox 432 2759 581 2831; x_wconf 87' lang='lat' dir='ltr'>Indi,</span> <span class='ocrx_word' id='word_1_174' title='bbox 614 2766 672 2820; x_wconf 89' lang='lat' dir='ltr'>et</span> <span class='ocrx_word' id='word_1_175' title='bbox 699 2758 953 2818; x_wconf 91' lang='lat' dir='ltr'>aliorum</span> <span class='ocrx_word' id='word_1_176' title='bbox 982 2757 1403 2837; x_wconf 90' lang='lat' dir='ltr'>quorumdam.</span> <span class='ocrx_word' id='word_1_177' title='bbox 1437 2757 1733 2818; x_wconf 88' lang='lat' dir='ltr'>Miraculis</span> <span class='ocrx_word' id='word_1_178' title='bbox 1763 2755 1828 2818; x_wconf 48' lang='lat' dir='ltr'>et*</span> <span class='ocrx_word' id='word_1_179' title='bbox 1844 2757 2115 2818; x_wconf 89' lang='lat' dir='ltr'>doctrina</span> <span class='ocrx_word' id='word_1_180' title='bbox 2147 2758 2450 2819; x_wconf 86' lang='lat' dir='ltr'>extollitur</span> <span class='ocrx_word' id='word_1_181' title='bbox 2473 2759 2670 2819; x_wconf 87' lang='lat' dir='ltr'>Euno-</span> 
     </span>
     <span class='ocr_line' id='line_1_23' title="bbox 432 2856 2422 2937; baseline 0 -20"><span class='ocrx_word' id='word_1_182' title='bbox 432 2858 769 2918; x_wconf 89' lang='lat' dir='ltr'>mianorum</span> <span class='ocrx_word' id='word_1_183' title='bbox 802 2856 1054 2919; x_wconf 88' lang='lat' dir='ltr'>ecclesia</span> <span class='ocrx_word' id='word_1_184' title='bbox 1083 2863 1142 2917; x_wconf 90' lang='lat' dir='ltr'>et</span> <span class='ocrx_word' id='word_1_185' title='bbox 1170 2856 1543 2917; x_wconf 85' lang='lat' dir='ltr'>eunomianae</span> <span class='ocrx_word' id='word_1_186' title='bbox 1568 2858 1822 2917; x_wconf 83' lang='lat' dir='ltr'>fortunae</span> <span class='ocrx_word' id='word_1_187' title='bbox 1854 2856 2166 2937; x_wconf 88' lang='lat' dir='ltr'>fastigium</span> <span class='ocrx_word' id='word_1_188' title='bbox 2199 2858 2310 2937; x_wconf 89' lang='lat' dir='ltr'>(IX,</span> <span class='ocrx_word' id='word_1_189' title='bbox 2344 2857 2422 2937; x_wconf 86' lang='lat'>1).</span> 
     </span>
    </p>

    <p class='ocr_par' dir='ltr' id='par_1_6' title="bbox 432 2939 2683 4604">
     <span class='ocr_line' id='line_1_24' title="bbox 510 2939 2668 3033; baseline 0 -18"><span class='ocrx_word' id='word_1_190' title='bbox 510 2955 643 3025; x_wconf 86' lang='lat' dir='ltr'>Sed,</span> <span class='ocrx_word' id='word_1_191' title='bbox 673 2954 835 3015; x_wconf 89' lang='lat' dir='ltr'>haud</span> <span class='ocrx_word' id='word_1_192' title='bbox 855 2974 1043 3024; x_wconf 90' lang='lat' dir='ltr'>mora,</span> <span class='ocrx_word' id='word_1_193' title='bbox 1068 2954 1294 3015; x_wconf 85' lang='lat' dir='ltr'>fatiscit</span> <span class='ocrx_word' id='word_1_194' title='bbox 1312 2939 1766 3017; x_wconf 86' lang='lat' dir='ltr'>schismaticum</span> <span class='ocrx_word' id='word_1_195' title='bbox 1791 2955 1946 3016; x_wconf 90' lang='lat' dir='ltr'>illud</span> <span class='ocrx_word' id='word_1_196' title='bbox 1973 2956 2318 3016; x_wconf 79' lang='lat' dir='ltr'>aedificium.</span> <span class='ocrx_word' id='word_1_197' title='bbox 2339 2955 2668 3033; x_wconf 80' lang='lat' dir='ltr'>EudoxiuS,</span> 
     </span>
     <span class='ocr_line' id='line_1_25' title="bbox 432 3053 2671 3133; baseline 0 -19"><span class='ocrx_word' id='word_1_198' title='bbox 432 3053 969 3131; x_wconf 87' lang='lat' dir='ltr'>Constantinopolis</span> <span class='ocrx_word' id='word_1_199' title='bbox 1000 3053 1339 3131; x_wconf 86' lang='lat' dir='ltr'>episcopus,</span> <span class='ocrx_word' id='word_1_200' title='bbox 1376 3054 1636 3114; x_wconf 86' lang='lat' dir='ltr'>Valentis</span> <span class='ocrx_word' id='word_1_201' title='bbox 1673 3054 1864 3131; x_wconf 85' lang='lat' dir='ltr'>gratia</span> <span class='ocrx_word' id='word_1_202' title='bbox 1904 3060 2261 3133; x_wconf 79' lang='lat' dir='ltr'>praepotenS,</span> <span class='ocrx_word' id='word_1_203' title='bbox 2300 3053 2373 3114; x_wconf 90' lang='lat' dir='ltr'>ab</span> <span class='ocrx_word' id='word_1_204' title='bbox 2415 3053 2582 3114; x_wconf 93' lang='lat' dir='ltr'>Aetio</span> <span class='ocrx_word' id='word_1_205' title='bbox 2612 3060 2671 3114; x_wconf 91' lang='lat' dir='ltr'>et</span> 
     </span>
     <span class='ocr_line' id='line_1_26' title="bbox 435 3150 2671 3230; baseline -0 -19"><span class='ocrx_word' id='word_1_206' title='bbox 435 3151 719 3212; x_wconf 84' lang='lat' dir='ltr'>Eunomio</span> <span class='ocrx_word' id='word_1_207' title='bbox 762 3150 1003 3230; x_wconf 89' lang='lat' dir='ltr'>publice</span> <span class='ocrx_word' id='word_1_208' title='bbox 1056 3151 1325 3222; x_wconf 86' lang='lat' dir='ltr'>secedit,-</span> <span class='ocrx_word' id='word_1_209' title='bbox 1356 3150 1644 3229; x_wconf 84' lang='lat' dir='ltr'>conviciis</span> <span class='ocrx_word' id='word_1_210' title='bbox 1691 3151 2094 3213; x_wconf 86' lang='lat' dir='ltr'>defectionem</span> <span class='ocrx_word' id='word_1_211' title='bbox 2129 3151 2447 3213; x_wconf 87' lang='lat' dir='ltr'>cumulans</span> <span class='ocrx_word' id='word_1_212' title='bbox 2499 3150 2671 3229; x_wconf 79' lang='lat'>(565-</span> 
     </span>
     <span class='ocr_line' id='line_1_27' title="bbox 434 3249 2674 3329; baseline -0.002 -18"><span class='ocrx_word' id='word_1_213' title='bbox 434 3249 597 3328; x_wconf 79' lang='grc'><strong>564).</strong></span> <span class='ocrx_word' id='word_1_214' title='bbox 628 3249 833 3309; x_wconf 90' lang='lat' dir='ltr'>Aetius</span> <span class='ocrx_word' id='word_1_215' title='bbox 882 3255 940 3309; x_wconf 91' lang='lat' dir='ltr'>et</span> <span class='ocrx_word' id='word_1_216' title='bbox 976 3249 1299 3310; x_wconf 82' lang='lat' dir='ltr'>Eunomius</span> <span class='ocrx_word' id='word_1_217' title='bbox 1332 3250 1547 3310; x_wconf 90' lang='lat' dir='ltr'>urbem</span> <span class='ocrx_word' id='word_1_218' title='bbox 1590 3250 1817 3329; x_wconf 90' lang='lat' dir='ltr'>regiam</span> <span class='ocrx_word' id='word_1_219' title='bbox 1854 3250 2131 3329; x_wconf 88' lang='lat' dir='ltr'>linquere</span> <span class='ocrx_word' id='word_1_220' title='bbox 2179 3256 2499 3328; x_wconf 88' lang='lat' dir='ltr'>coguntur.</span> <span class='ocrx_word' id='word_1_221' title='bbox 2544 3250 2674 3309; x_wconf 79' lang='lat' dir='ltr'>Mox</span> 
     </span>
     <span class='ocr_line' id='line_1_28' title="bbox 436 3346 2674 3428; baseline -0 -21"><span class='ocrx_word' id='word_1_222' title='bbox 436 3354 656 3417; x_wconf 88' lang='lat' dir='ltr'>tamen,</span> <span class='ocrx_word' id='word_1_223' title='bbox 689 3346 919 3407; x_wconf 90' lang='lat' dir='ltr'>scilicet</span> <span class='ocrx_word' id='word_1_224' title='bbox 947 3354 1080 3426; x_wconf 90' lang='lat' dir='ltr'>post</span> <span class='ocrx_word' id='word_1_225' title='bbox 1103 3347 1373 3427; x_wconf 89' lang='lat' dir='ltr'>Procopii</span> <span class='ocrx_word' id='word_1_226' title='bbox 1402 3347 1635 3428; x_wconf 77' lang='lat' dir='ltr'>tyranni</span> <span class='ocrx_word' id='word_1_227' title='bbox 1665 3348 1915 3408; x_wconf 81' lang='lat' dir='ltr'>exitium</span> <span class='ocrx_word' id='word_1_228' title='bbox 1953 3347 2282 3427; x_wconf 78' lang='lat'>(565-566),</span> <span class='ocrx_word' id='word_1_229' title='bbox 2316 3347 2492 3407; x_wconf 89' lang='lat' dir='ltr'>ambo</span> <span class='ocrx_word' id='word_1_230' title='bbox 2525 3347 2674 3407; x_wconf 93' lang='lat' dir='ltr'>Con-</span> 
     </span>
     <span class='ocr_line' id='line_1_29' title="bbox 438 3443 2677 3525; baseline 0 -20"><span class='ocrx_word' id='word_1_231' title='bbox 438 3444 886 3523; x_wconf 84' lang='lat' dir='ltr'>stantinopolim</span> <span class='ocrx_word' id='word_1_232' title='bbox 913 3443 1359 3523; x_wconf 89' lang='lat' dir='ltr'>regrediuntur,</span> <span class='ocrx_word' id='word_1_233' title='bbox 1385 3446 1590 3525; x_wconf 89' lang='lat' dir='ltr'>ibique</span> <span class='ocrx_word' id='word_1_234' title='bbox 1619 3446 1827 3507; x_wconf 89' lang='lat' dir='ltr'>Aetius</span> <span class='ocrx_word' id='word_1_235' title='bbox 1860 3445 2093 3525; x_wconf 87' lang='lat' dir='ltr'>placide</span> <span class='ocrx_word' id='word_1_236' title='bbox 2115 3446 2390 3515; x_wconf 91' lang='lat' dir='ltr'>moritur,</span> <span class='ocrx_word' id='word_1_237' title='bbox 2425 3465 2450 3504; x_wconf 92' lang='lat'>«</span> <span class='ocrx_word' id='word_1_238' title='bbox 2487 3446 2677 3505; x_wconf 86' lang='lat' dir='ltr'>Euno-</span> 
     </span>
     <span class='ocr_line' id='line_1_30' title="bbox 437 3528 2675 3623; baseline 0.001 -22"><span class='ocrx_word' id='word_1_239' title='bbox 437 3542 559 3602; x_wconf 89' lang='lat' dir='ltr'>mio</span> <span class='ocrx_word' id='word_1_240' title='bbox 589 3562 655 3603; x_wconf 92' lang='lat' dir='ltr'>os</span> <span class='ocrx_word' id='word_1_241' title='bbox 684 3542 738 3603; x_wconf 93' lang='lat' dir='ltr'>ei</span> <span class='ocrx_word' id='word_1_242' title='bbox 784 3542 1157 3612; x_wconf 83' lang='lat' dir='ltr'>occludente,</span> <span class='ocrx_word' id='word_1_243' title='bbox 1197 3550 1257 3604; x_wconf 90' lang='lat' dir='ltr'>et</span> <span class='ocrx_word' id='word_1_244' title='bbox 1298 3544 1533 3622; x_wconf 90' lang='lat' dir='ltr'>reliqua</span> <span class='ocrx_word' id='word_1_245' title='bbox 1564 3562 1699 3623; x_wconf 84' lang='lat' dir='ltr'>quae</span> <span class='ocrx_word' id='word_1_246' title='bbox 1733 3544 1808 3603; x_wconf 90' lang='lat' dir='ltr'>ad</span> <span class='ocrx_word' id='word_1_247' title='bbox 1838 3544 2024 3604; x_wconf 87' lang='lat' dir='ltr'>funus</span> <span class='ocrx_word' id='word_1_248' title='bbox 2053 3528 2357 3623; x_wconf 80' lang='lat' dir='ltr'>pertinent</span> <span class='ocrx_word' id='word_1_249' title='bbox 2391 3562 2511 3604; x_wconf 91' lang='lat' dir='ltr'>una</span> <span class='ocrx_word' id='word_1_250' title='bbox 2537 3562 2675 3603; x_wconf 89' lang='lat' dir='ltr'>cum</span> 
     </span>
     <span class='ocr_line' id='line_1_31' title="bbox 440 3639 2673 3722; baseline -0.001 -21"><span class='ocrx_word' id='word_1_251' title='bbox 440 3640 707 3701; x_wconf 89' lang='lat' dir='ltr'>eiusdem</span> <span class='ocrx_word' id='word_1_252' title='bbox 724 3639 1023 3719; x_wconf 90' lang='lat' dir='ltr'>opinionis</span> <span class='ocrx_word' id='word_1_253' title='bbox 1044 3642 1439 3702; x_wconf 90' lang='lat' dir='ltr'>sectatoribus</span> <span class='ocrx_word' id='word_1_254' title='bbox 1459 3640 1942 3721; x_wconf 87' lang='lat' dir='ltr'>splendidissime</span> <span class='ocrx_word' id='word_1_255' title='bbox 1959 3649 2357 3721; x_wconf 90' lang='lat' dir='ltr'>procurante»</span> <span class='ocrx_word' id='word_1_256' title='bbox 2383 3643 2494 3722; x_wconf 85' lang='lat' dir='ltr'>(lx,</span> <span class='ocrx_word' id='word_1_257' title='bbox 2519 3640 2644 3720; x_wconf 78' lang='lat'>5-6)</span> <span class='ocrx_word' id='word_1_258' title='bbox 2658 3685 2673 3699; x_wconf 93' lang='lat'><strong>.</strong></span> 
     </span>
     <span class='ocr_line' id='line_1_32' title="bbox 439 3737 2677 3821; baseline 0 -23"><span class='ocrx_word' id='word_1_259' title='bbox 439 3737 550 3799; x_wconf 92' lang='lat' dir='ltr'>Sed</span> <span class='ocrx_word' id='word_1_260' title='bbox 583 3739 911 3817; x_wconf 84' lang='lat' dir='ltr'>Eunomius</span> <span class='ocrx_word' id='word_1_261' title='bbox 940 3747 1260 3800; x_wconf 90' lang='lat' dir='ltr'>accusatur</span> <span class='ocrx_word' id='word_1_262' title='bbox 1289 3740 1450 3819; x_wconf 89' lang='lat' dir='ltr'>quod</span> <span class='ocrx_word' id='word_1_263' title='bbox 1470 3739 1755 3819; x_wconf 87' lang='lat' dir='ltr'>Procopio</span> <span class='ocrx_word' id='word_1_264' title='bbox 1784 3740 2164 3821; x_wconf 78' lang='lat' dir='ltr'>tyrannidem</span> <span class='ocrx_word' id='word_1_265' title='bbox 2194 3741 2460 3819; x_wconf 90' lang='lat' dir='ltr'>arripere</span> <span class='ocrx_word' id='word_1_266' title='bbox 2493 3740 2677 3800; x_wconf 92' lang='lat' dir='ltr'>medi-</span> 
     </span>
     <span class='ocr_line' id='line_1_33' title="bbox 441 3836 2674 3917; baseline 0.001 -22"><span class='ocrx_word' id='word_1_267' title='bbox 441 3836 584 3895; x_wconf 87' lang='lat' dir='ltr'>tanti</span> <span class='ocrx_word' id='word_1_268' title='bbox 613 3843 829 3915; x_wconf 85' lang='lat' dir='ltr'>praesto</span> <span class='ocrx_word' id='word_1_269' title='bbox 866 3836 1068 3906; x_wconf 85' lang='lat' dir='ltr'>fuerit,</span> <span class='ocrx_word' id='word_1_270' title='bbox 1087 3844 1145 3898; x_wconf 89' lang='lat' dir='ltr'>et</span> <span class='ocrx_word' id='word_1_271' title='bbox 1174 3857 1331 3917; x_wconf 85' lang='lat' dir='ltr'>aegre</span> <span class='ocrx_word' id='word_1_272' title='bbox 1360 3845 1616 3898; x_wconf 89' lang='lat' dir='ltr'>mortem</span> <span class='ocrx_word' id='word_1_273' title='bbox 1645 3838 1719 3898; x_wconf 95' lang='lat' dir='ltr'>ob</span> <span class='ocrx_word' id='word_1_274' title='bbox 1747 3838 1809 3899; x_wconf 92' lang='lat' dir='ltr'>id</span> <span class='ocrx_word' id='word_1_275' title='bbox 1835 3838 2187 3899; x_wconf 86' lang='lat' dir='ltr'>intentatam</span> <span class='ocrx_word' id='word_1_276' title='bbox 2211 3838 2451 3917; x_wconf 88' lang='lat' dir='ltr'>effugit;</span> <span class='ocrx_word' id='word_1_277' title='bbox 2489 3838 2551 3897; x_wconf 93' lang='lat' dir='ltr'>in</span> <span class='ocrx_word' id='word_1_278' title='bbox 2576 3838 2674 3898; x_wconf 92' lang='lat' dir='ltr'>in-</span> 
     </span>
     <span class='ocr_line' id='line_1_34' title="bbox 441 3921 2679 4015; baseline 0.001 -21"><span class='ocrx_word' id='word_1_279' title='bbox 441 3935 632 3994; x_wconf 90' lang='lat' dir='ltr'>sulam</span> <span class='ocrx_word' id='word_1_280' title='bbox 660 3934 885 3995; x_wconf 84' lang='lat' dir='ltr'>Naxum</span> <span class='ocrx_word' id='word_1_281' title='bbox 911 3934 1211 4015; x_wconf 88' lang='lat' dir='ltr'>relegatur</span> <span class='ocrx_word' id='word_1_282' title='bbox 1242 3955 1273 3995; x_wconf 91' lang='lat' dir='ltr'>a</span> <span class='ocrx_word' id='word_1_283' title='bbox 1310 3936 1551 3997; x_wconf 86' lang='lat' dir='ltr'>Valente</span> <span class='ocrx_word' id='word_1_284' title='bbox 1576 3936 1960 4015; x_wconf 90' lang='lat' dir='ltr'>imperatore,</span> <span class='ocrx_word' id='word_1_285' title='bbox 1988 3921 2130 3997; x_wconf 90' lang='lat' dir='ltr'>inde</span> <span class='ocrx_word' id='word_1_286' title='bbox 2154 3956 2294 3997; x_wconf 89' lang='lat' dir='ltr'>vero</span> <span class='ocrx_word' id='word_1_287' title='bbox 2321 3936 2382 3995; x_wconf 89' lang='lat' dir='ltr'>in</span> <span class='ocrx_word' id='word_1_288' title='bbox 2413 3936 2679 3996; x_wconf 85' lang='lat' dir='ltr'>Moesiam</span> 
     </span>
     <span class='ocr_line' id='line_1_35' title="bbox 441 4032 2680 4113; baseline 0.001 -22"><span class='ocrx_word' id='word_1_289' title='bbox 441 4038 500 4091; x_wconf 88' lang='lat' dir='ltr'>et</span> <span class='ocrx_word' id='word_1_290' title='bbox 522 4039 725 4111; x_wconf 90' lang='lat' dir='ltr'>postea</span> <span class='ocrx_word' id='word_1_291' title='bbox 758 4032 820 4091; x_wconf 87' lang='lat' dir='ltr'>in</span> <span class='ocrx_word' id='word_1_292' title='bbox 854 4033 1284 4111; x_wconf 88' lang='lat' dir='ltr'>Cappadociam</span> <span class='ocrx_word' id='word_1_293' title='bbox 1315 4053 1347 4093; x_wconf 90' lang='lat' dir='ltr'>a</span> <span class='ocrx_word' id='word_1_294' title='bbox 1376 4034 1705 4095; x_wconf 89' lang='lat' dir='ltr'>Theodosio</span> <span class='ocrx_word' id='word_1_295' title='bbox 1736 4033 2096 4113; x_wconf 88' lang='lat' dir='ltr'>imperatore</span> <span class='ocrx_word' id='word_1_296' title='bbox 2131 4034 2216 4113; x_wconf 87' lang='lat' dir='ltr'>(X,</span> <span class='ocrx_word' id='word_1_297' title='bbox 2239 4034 2322 4113; x_wconf 89' lang='grc'>6).</span> <span class='ocrx_word' id='word_1_298' title='bbox 2357 4033 2680 4093; x_wconf 86' lang='lat' dir='ltr'>Eunomius</span> 
     </span>
     <span class='ocr_line' id='line_1_36' title="bbox 443 4128 2680 4212; baseline 0 -23"><span class='ocrx_word' id='word_1_299' title='bbox 443 4128 725 4209; x_wconf 89' lang='lat' dir='ltr'>denique,</span> <span class='ocrx_word' id='word_1_300' title='bbox 758 4131 1011 4211; x_wconf 80' lang='lat' dir='ltr'>Tyanam</span> <span class='ocrx_word' id='word_1_301' title='bbox 1044 4130 1118 4191; x_wconf 91' lang='lat' dir='ltr'>ab</span> <span class='ocrx_word' id='word_1_302' title='bbox 1150 4132 1435 4210; x_wconf 89' lang='lat' dir='ltr'>Eutropio</span> <span class='ocrx_word' id='word_1_303' title='bbox 1469 4133 1749 4212; x_wconf 86' lang='lat' dir='ltr'>praefecto</span> <span class='ocrx_word' id='word_1_304' title='bbox 1783 4132 2081 4211; x_wconf 89' lang='lat' dir='ltr'>relegatus</span> <span class='ocrx_word' id='word_1_305' title='bbox 2116 4152 2141 4191; x_wconf 87' lang='lat'>«</span> <span class='ocrx_word' id='word_1_306' title='bbox 2177 4151 2206 4191; x_wconf 90' lang='lat' dir='ltr'>a</span> <span class='ocrx_word' id='word_1_307' title='bbox 2235 4132 2546 4193; x_wconf 89' lang='lat' dir='ltr'>monachis</span> <span class='ocrx_word' id='word_1_308' title='bbox 2576 4131 2680 4209; x_wconf 88' lang='lat' dir='ltr'>qui</span> 
     </span>
     <span class='ocr_line' id='line_1_37' title="bbox 443 4226 2682 4309; baseline 0 -23"><span class='ocrx_word' id='word_1_309' title='bbox 443 4226 568 4288; x_wconf 90' lang='lat' dir='ltr'>illic</span> <span class='ocrx_word' id='word_1_310' title='bbox 593 4235 760 4289; x_wconf 91' lang='lat' dir='ltr'>erant</span> <span class='ocrx_word' id='word_1_311' title='bbox 790 4228 1117 4290; x_wconf 85' lang='lat' dir='ltr'>servandus</span> <span class='ocrx_word' id='word_1_312' title='bbox 1151 4250 1206 4300; x_wconf 85' lang='lat'>»‚</span> <span class='ocrx_word' id='word_1_313' title='bbox 1236 4229 1462 4291; x_wconf 89' lang='lat' dir='ltr'>ibidem</span> <span class='ocrx_word' id='word_1_314' title='bbox 1491 4230 1770 4291; x_wconf 86' lang='lat' dir='ltr'>moritur.</span> <span class='ocrx_word' id='word_1_315' title='bbox 1804 4230 2127 4309; x_wconf 88' lang='lat' dir='ltr'>Eutropius</span> <span class='ocrx_word' id='word_1_316' title='bbox 2152 4249 2316 4300; x_wconf 89' lang='lat' dir='ltr'>vero,</span> <span class='ocrx_word' id='word_1_317' title='bbox 2346 4250 2371 4289; x_wconf 89' lang='lat'>«</span> <span class='ocrx_word' id='word_1_318' title='bbox 2407 4227 2682 4288; x_wconf 87' lang='lat' dir='ltr'>invidens</span> 
     </span>
     <span class='ocr_line' id='line_1_38' title="bbox 441 4326 2683 4409; baseline 0 -23"><span class='ocrx_word' id='word_1_319' title='bbox 441 4326 716 4387; x_wconf 89' lang='lat' dir='ltr'>Eunomii</span> <span class='ocrx_word' id='word_1_320' title='bbox 757 4326 984 4406; x_wconf 82' lang='lat' dir='ltr'>gloriae,</span> <span class='ocrx_word' id='word_1_321' title='bbox 1031 4347 1147 4388; x_wconf 86' lang='lat' dir='ltr'>non</span> <span class='ocrx_word' id='word_1_322' title='bbox 1196 4328 1471 4409; x_wconf 87' lang='lat' dir='ltr'>permisit</span> <span class='ocrx_word' id='word_1_323' title='bbox 1515 4328 1646 4389; x_wconf 91' lang='lat' dir='ltr'>eius</span> <span class='ocrx_word' id='word_1_324' title='bbox 1686 4329 1940 4389; x_wconf 88' lang='lat' dir='ltr'>cadaver</span> <span class='ocrx_word' id='word_1_325' title='bbox 1973 4347 2292 4389; x_wconf 89' lang='lat' dir='ltr'>commune</span> <span class='ocrx_word' id='word_1_326' title='bbox 2334 4346 2472 4388; x_wconf 89' lang='lat' dir='ltr'>cum</span> <span class='ocrx_word' id='word_1_327' title='bbox 2515 4326 2683 4388; x_wconf 87' lang='lat' dir='ltr'>Aetio</span> 
     </span>
     <span class='ocr_line' id='line_1_39' title="bbox 444 4424 2680 4507; baseline 0.002 -24"><span class='ocrx_word' id='word_1_328' title='bbox 444 4424 644 4486; x_wconf 88' lang='lat' dir='ltr'>sortiri</span> <span class='ocrx_word' id='word_1_329' title='bbox 679 4424 1045 4505; x_wconf 89' lang='lat' dir='ltr'>sepulcrum,</span> <span class='ocrx_word' id='word_1_330' title='bbox 1078 4426 1219 4487; x_wconf 92' lang='lat' dir='ltr'>licet</span> <span class='ocrx_word' id='word_1_331' title='bbox 1260 4426 1506 4506; x_wconf 90' lang='lat' dir='ltr'>plurimi</span> <span class='ocrx_word' id='word_1_332' title='bbox 1543 4426 1605 4487; x_wconf 91' lang='lat' dir='ltr'>id</span> <span class='ocrx_word' id='word_1_333' title='bbox 1643 4426 1816 4487; x_wconf 85' lang='lat' dir='ltr'>enixe</span> <span class='ocrx_word' id='word_1_334' title='bbox 1845 4427 2238 4507; x_wconf 88' lang='lat' dir='ltr'>flagitassent;</span> <span class='ocrx_word' id='word_1_335' title='bbox 2273 4427 2378 4488; x_wconf 88' lang='lat' dir='ltr'>sed</span> <span class='ocrx_word' id='word_1_336' title='bbox 2403 4433 2462 4488; x_wconf 93' lang='lat' dir='ltr'>et</span> <span class='ocrx_word' id='word_1_337' title='bbox 2494 4426 2680 4488; x_wconf 91' lang='lat' dir='ltr'>libros</span> 
     </span>
     <span class='ocr_line' id='line_1_40' title="bbox 445 4521 1893 4604; baseline 0.001 -22"><span class='ocrx_word' id='word_1_338' title='bbox 445 4521 574 4583; x_wconf 88' lang='lat' dir='ltr'>eius</span> <span class='ocrx_word' id='word_1_339' title='bbox 605 4522 869 4602; x_wconf 88' lang='lat' dir='ltr'>publicis</span> <span class='ocrx_word' id='word_1_340' title='bbox 896 4522 1109 4585; x_wconf 90' lang='lat' dir='ltr'>edictis</span> <span class='ocrx_word' id='word_1_341' title='bbox 1138 4524 1317 4587; x_wconf 90' lang='lat' dir='ltr'>iussit</span> <span class='ocrx_word' id='word_1_342' title='bbox 1342 4525 1568 4586; x_wconf 86' lang='lat' dir='ltr'>aboleri</span> <span class='ocrx_word' id='word_1_343' title='bbox 1604 4545 1629 4585; x_wconf 70' lang='lat' dir='ltr'><strong><em>n</em></strong></span> <span class='ocrx_word' id='word_1_344' title='bbox 1669 4525 1782 4604; x_wconf 87' lang='lat' dir='ltr'>(xl,</span> <span class='ocrx_word' id='word_1_345' title='bbox 1811 4526 1893 4604; x_wconf 84' lang='lat'>5).</span> 
     </span>
    </p>
   </div>
  </div>
 </body>
</html>
