3484 5650
1114 648 1484 705 QUAESTlo-Nsss
1519 647 2049 699 PHILOSTORGIANAE.
2637 649 2692 698 21

459 766 545 827 ris
577 766 742 844 (408,
773 767 960 846 sqq.),
994 766 1426 846 philostorgius
1459 767 1612 845 (mea
1633 766 1881 846 quidem
1902 766 2219 845 sententia)
2260 766 2389 845 ipse
2419 766 2534 827 sibi
2564 767 2697 829 fons

461 883 592 927 esse
621 865 880 935 videtur,
911 872 979 926 ut
1007 864 1114 944 qui
1148 884 1244 925 res
1275 864 1366 925 sui
1396 864 1684 944 temporis
1717 871 1977 925 enarret.

541 964 606 1024 In
640 962 822 1024 rebus
864 961 1124 1023 Valentis
1171 961 1486 1041 (564-578)
1537 963 1634 1023 vel
1677 963 1892 1023 saltem
1949 963 2011 1023 in
2054 961 2363 1024 referenda
2406 964 2701 1043 principis

462 1069 676 1131 morte,
723 1060 1050 1139 conspicua
1095 1060 1248 1121 mihi
1297 1059 1537 1121 videtur
1581 1060 1984 1140 Philostorgii,
2016 1062 2274 1122 Socratis
2308 1068 2367 1122 et
2402 1062 2700 1123 Ammiani

467 1158 809 1220 concordia.
853 1159 1122 1219 Socrates
1169 1158 1469 1229 videlicet,
1519 1166 1836 1238 postquam
1885 1158 2148 1219 narravit
2191 1159 2493 1220 Valentem
2539 1158 2703 1221 iuxta

465 1255 913 1336 Adrianopolim
961 1256 1319 1317 occubuisse
1374 1256 1590 1335 proelio
1633 1278 1648 1316 :
1695 1277 1720 1317 «
1758 1256 1901 1327 Alii,
1949 1256 2176 1337 inquit,
2226 1276 2365 1317 eum
2424 1257 2702 1319 incendio

465 1354 714 1437 periisse
742 1353 989 1415 tradunt
1017 1372 1158 1415 cum
1187 1354 1250 1413 in
1279 1354 1479 1415 vicum
1513 1354 1835 1434 quemdam
1866 1354 2253 1434 confugisset,
2290 1373 2471 1434 quem
2500 1374 2709 1435 super-

467 1452 774 1513 venientes
817 1451 1054 1513 barbari
1097 1459 1576 1513 concremarunt.
1613 1452 1726 1513 Alii
1774 1471 1913 1513 vero
1954 1472 2093 1513 eum
2136 1451 2367 1514 abiecto
2410 1452 2705 1533 imperiali

468 1550 681 1613 habitu
707 1550 772 1611 in
790 1549 1060 1611 medium
1080 1568 1294 1629 agmen
1317 1549 1588 1630 peditum
1611 1570 1674 1611 se
1699 1550 2027 1612 coniecisse
2053 1557 2113 1611 et
2130 1550 2214 1611 ibi
2241 1551 2513 1630 ignotum
2532 1570 2711 1613 occu-

469 1648 673 1710 buisse
703 1668 729 1709 n
760 1649 874 1727 (IV,
903 1646 1024 1727 58).
1057 1649 1189 1709 Haec
1209 1648 1451 1727 scripsit
1474 1648 1744 1710 Socrates
1765 1649 1926 1710 circa
1946 1667 2170 1710 annum
2197 1648 2337 1709 458.
2364 1650 2712 1710 Ammianus

469 1763 631 1816 vero,
650 1744 754 1826 qui
785 1744 1028 1825 scripsit
1056 1745 1215 1806 circa
1245 1765 1470 1807 annum
1490 1746 1608 1806 585
1639 1767 1653 1806 :
1697 1766 1723 1805 «
1758 1746 1897 1817 Alii,
1932 1745 2150 1825 inquit,
2179 1746 2390 1808 dicunt
2408 1747 2711 1808 Valentem

472 1843 734 1905 animam
763 1862 883 1903 non
927 1843 1230 1904 exhalasse
1265 1843 1604 1913 confestim,
1642 1844 1749 1905 sed
1872 1843 1946 1904 ad
1980 1854 2275 1924 agrestem
2319 1863 2517 1906 casam
2560 1846 2713 1906 rela-

473 1949 600 2003 tum
631 1948 688 2002 et
719 1940 1186 2002 circumsessum
1211 1940 1287 2001 ab
1317 1942 1596 2003 hostibus
1624 1942 1729 2021 qui
1762 1949 1916 2003 esset
1948 1942 2385 2021 ignorantibuS,
2418 1941 2710 2004 dedecore

472 2038 832 2119 captivitatis
888 2046 1230 2118 exemptum
1265 2060 1282 2099 ε
1345 2040 1581 2099 flamma
1625 2040 1787 2101 enim
1840 2040 2147 2119 supposita
2202 2039 2525 2101 aedificium
2572 2059 2712 2102 cum

474 2136 822 2197 hominibus
846 2142 1215 2198 torruerunt.
1255 2157 1280 2197 »
1325 2137 1761 2216 Philostorgius
1794 2137 2038 2198 demum
2085 2137 2165 2197 ita
2206 2157 2219 2196 :
2260 2158 2286 2197 <t
2330 2137 2561 2208 Valens,
2602 2137 2709 2209 ait,

475 2254 660 2296 cursu
686 2235 894 2314 sugam
915 2234 1243 2314 arripuit...
1269 2236 1418 2295 Tum
1443 2234 1663 2316 agresti
1697 2254 1833 2296 casa
1858 2253 1975 2314 qua
2012 2236 2217 2295 fenum
2234 2234 2544 2296 conditum
2564 2243 2712 2307 erat,

476 2352 593 2394 una
623 2351 765 2393 cum
792 2332 1001 2412 paucis
1034 2333 1138 2412 qui
1171 2332 1370 2413 ipsum
1395 2332 1822 2413 sequebantur,
1852 2352 1982 2394 sese
2012 2333 2353 2394 occultavit.
2376 2334 2446 2394 At
2474 2333 2712 2395 barbari

477 2430 580 2510 qui
615 2449 754 2491 eum
790 2430 1324 2510 persequebantur,
1361 2438 1492 2491 tum
1526 2431 1698 2492 obvia
1731 2450 2008 2511 quaeque‚
2046 2437 2179 2492 tum
2213 2430 2526 2510 tugurium
2560 2432 2713 2493 illud

477 2528 896 2598 incenderunt,
931 2527 1083 2589 nihil
1114 2528 1354 2608 penitus
1387 2529 1461 2590 de
1493 2528 1855 2608 imperatore
1880 2529 2167 2608 suspicati
2208 2550 2233 2588 »
2271 2529 2381 2607 (ΙΧ,
2416 2529 2537 2609 17).
2580 2532 2717 2591 Am-

477 2626 748 2688 mianum
767 2625 990 2689 Socrati
1013 2626 1348 2687 innotuisse
1369 2645 1488 2687 non
1518 2633 1610 2688 est
1638 2626 1799 2707 quod
1827 2646 2062 2707 negem,
2086 2626 2481 2707 Philostorgio
2510 2644 2709 2688 secus·

477 2724 822 2785 Ammianus
864 2723 1024 2785 enim
1081 2723 1383 2804 duplicem
1422 2725 1498 2785 de
1545 2724 1807 2786 Valentis
1856 2732 2049 2785 morte
2091 2724 2476 2785 traditionem
2534 2725 2739 2786 refert·

479 2823 876 2904 ignorareque
925 2822 1164 2884 videtur
1206 2831 1340 2884 utra
1389 2822 1468 2884 sit
1513 2823 1715 2903 potius
1763 2822 2107 2904 recipienda
2156 2844 2170 2883 z
2211 2822 2647 2904 philostorgius
2684 2844 2717 2886 e

480 2926 686 2982 contra
717 2919 1106 2980 traditionem
1138 2939 1322 2981 unam
1354 2927 1533 2992 tenet,
1581 2927 1641 2981 et
1673 2921 1829 2982 hanc
1858 2928 2129 2982 ornatam
2158 2920 2372 2999 magis,

558 3019 622 3079 ln
661 3017 842 3078 rebus
889 3018 1214 3080 Constantii
1262 3024 1321 3079 et
1366 3019 1580 3080 Iuliani
1628 3018 1907 3080 adhibuit
1947 3019 2182 3098 insigne
2232 3025 2711 3090 monumentum,

478 3116 638 3196 quod
674 3135 729 3175 v.
769 3115 845 3177 cl.
879 3117 945 3177 Η.
979 3115 1247 3177 Gwatkin
1287 3116 1633 3197 recognovit
1670 3117 1732 3176 in
1776 3117 2067 3181 Chronico
2092 3116 2366 3196 paschali
2406 3116 2623 3196 saepius
2656 3122 2717 3176 et

411 3246 416 3250 ·
479 3213 776 3276 sincerius
809 3213 1148 3283 recitatum,
1180 3213 1464 3294 quodque
1495 3214 1654 3276 idem
1680 3215 1917 3276 censuit
1946 3233 2076 3275 esse
2110 3215 2184 3275 ab
2209 3214 2447 3274 homoeo
2474 3219 2717 3274 auctore

477 3330 795 3392 anonymO,
829 3311 1088 3372 Valentis
1126 3311 1504 3391 imperatoris
1549 3311 1855 3393 (564-578)
1907 3319 2193 3391 tempore,
2246 3311 2709 3390 conscriptum¹.

478 3409 591 3471 Sed
625 3409 910 3489 quoniam
953 3409 1166 3470 doctus
1198 3410 1300 3470 ille
1345 3410 1436 3471 vir
1463 3410 1771 3490 inquirere
1810 3429 1929 3471 non
1971 3409 2204 3471 curavit
2236 3416 2445 3470 utrum
2484 3409 2714 3470 dictum

479 3527 630 3588 opus
658 3507 1048 3588 Philostorgio
1093 3507 1424 3570 innotuerit
1468 3527 1689 3579 annon,
1731 3527 1926 3588 operae
1965 3507 2227 3588 pretium
2266 3514 2357 3568 est
2396 3526 2716 3588 argumen-

481 3612 607 3666 tum
642 3624 918 3668 revocare
952 3612 1010 3666 et
1051 3606 1355 3685 ampliare.

558 4124 718 4184 Inter
741 4122 976 4185 diversa
1004 4122 1361 4184 documenta
1400 4142 1533 4204 quae
1563 4123 1845 4186 Chronici
1869 4121 2171 4201 paschalis
2212 4129 2423 4184 auctor
2458 4123 2521 4184 in
2569 4141 2719 4202 opus

479 4241 658 4283 suum
691 4221 1056 4300 compilavit,
1105 4221 1385 4283 videlicet
1425 4220 1769 4282 kalendaria
1811 4227 1870 4281 et
1904 4220 2087 4282 fastos
2117 4226 2176 4280 et
2203 4221 2489 4282 chronica
2524 4228 2720 4283 vetera

481 4319 558 4399 (e.
593 4339 653 4399 g.
686 4318 822 4379 Iulii
863 4318 1152 4389 Africani,
1187 4319 1448 4399 Eusebii)
1487 4326 1546 4380 et
1586 4319 1809 4399 scripta
1839 4317 2245 4381 ecclesiastica
2286 4319 2361 4398 (e.
2400 4339 2458 4400 g.
2492 4319 2724 4380 Tertul-

541 4522 588 4571 1.
627 4521 870 4582 Gwatkin,
907 4521 1126 4580 Stadios,
1157 4538 1205 4586 p.
1233 4522 1465 4572 2¹5-218.
