3484 5650
793 649 858 701 52
1451 648 1825 707 QuAEsrtonas
1854 644 2393 697 PultosronGmNAE.

871 768 1140 830 Pressius
1163 766 1343 827 etiam
1373 766 1618 827 Photius
1643 764 1853 826 Photio
1884 762 2113 823 insistit
2145 783 2160 822 ε

963 953 1377 1035 Myriobiblon,
1409 952 1544 1015 cod.
1578 952 1678 1013 40.
2124 950 2573 1031 Philostorqius,
2616 970 2871 1030 procem.

789 1089 916 1146 ...ὡς
939 1089 1356 1150 συμπληροῦσθαι
1377 1079 1530 1137 mito-5
1549 1084 1638 1146 τὴν
1659 1079 1855 1147 σῦμπα·
2024 1076 2205 1133 ’Ότιέν
2222 1084 2417 1134 δώδεκα
2428 1083 2600 1146 λόγοις
2614 1078 2771 1136 αὑτοῦ
2786 1078 3034 1149 ἦὶοτορῖα

785 1187 880 1219 σαν
916 1170 1258 1231 πραγματείαν
1287 1164 1338 1217 ἐν
1374 1166 1544 1229 λόγοις
1581 1164 1666 1220 ι6’,
1697 1160 1767 1214 ὧν
1800 1164 1853 1214 αἱ
1960 1162 2265 1227 περαίνεται,
2307 1164 2679 1227 ἀπαρτιζόντων
2724 1159 2879 1215 αὑτοῦ
2920 1167 3033 1216 τοῦ·

787 1249 1013 1315 ἀπαρχαὶ
1067 1246 1406 1309 συντιθέμεναι
1453 1247 1512 1296 τὸ
1543 1247 1634 1295 τοῦ
1675 1262 1855 1307 συγγε·
1958 1262 2090 1307 νομα
2130 1251 2231 1293 τῶν
2282 1243 2499 1295 ἑκάστου
2536 1243 2691 1308 λόγου
2734 1239 3031 1310 ἀρχομένων

783 1328 1026 1394 γραφότος
1094 1326 1405 1390 ἁπαρτίζουςι
1482 1324 1849 1389 Φιλοστοργίου
1958 1323 2267 1389 γραμμάτων
2294 1318 2341 1373 ἐν
2362 1322 2498 1381 τάξει
2525 1323 2905 1388 συντιθεμένων.

784 1408 964 1473 ὄνομα.
2024 1403 2095 1453 ‘H
2122 1405 2172 1453 δὲ
2192 1402 2389 1467 ἱστορία
2402 1412 2505 1454 τῶν
2528 1406 2870 1471 αἱρετιζόντων
2892 1400 3027 1457 ἐστὶν

853 1479 1595 1551 ἘξαίρειτοὺςἈρειανίζοντας
1611 1482 1848 1540 ἅπαντας,
1960 1484 2207 1547 ἐγκώμιον
2250 1480 2404 1550 αὐτῷ,
2440 1483 2609 1546 ὥσπερ
2639 1486 2729 1535 καὶ
2761 1494 2860 1536 τῶν
2891 1480 3032 1553 ὀρθο-

780 1566 1047 1632 λοιδορίαις
1073 1565 1244 1617 πλύνει
1277 1557 1392 1623 τοὺς
1427 1561 1740 1629 όρθοδόξους,
1782 1563 1851 1621 ὡς
1958 1562 2114 1620 δόξων
2146 1562 2354 1625 διαΰολὴ
2408 1564 2496 1614 καὶ
2546 1563 2705 1629 ψόγος
2754 1568 2943 1627 μᾶλλον
2992 1565 3029 1628 ἢ

785 1646 914 1699 εἶναι
951 1646 1040 1708 τὴν
1079 1646 1302 1712 ἱστορίαν
1334 1641 1487 1697 αὑτοῦ
1520 1643 1585 1707 μὴ
1628 1644 1850 1709 ἱστορίαν
1954 1642 2169 1707 ἱστορία.

783 1731 988 1790 μᾶλλον,
1029 1726 1145 1777 ἀλλ’
1177 1726 1424 1789 ἐγκώμιον
1465 1723 1549 1787 μὲν
1581 1731 1680 1774 τῶν
1711 1723 1846 1789 αἱρε-

776 1815 948 1863 τικῶν,
973 1806 1131 1870 ψόγον
1156 1804 1208 1855 δὲ
1228 1807 1412 1870 γυμνὸν
1429 1805 1513 1856 καί
1537 1805 1846 1870 κατηγορίαν

777 1895 876 1938 τῶν
907 1883 1202 1954 ὃρθοδόξων.

857 2057 1151 2128 Quaerenti
1181 2074 1320 2117 vero
1350 2074 1461 2117 cur
1493 2054 1604 2115 ista
1653 2055 1713 2113 ἐκ
1739 2066 1849 2113 τῶν
1870 2056 2266 2133 Φιλοστοργιόυ
2300 2053 2497 2136 ἐκλογὴ
2534 2062 2697 2117 extra
2738 2058 3023 2138 Myr-iobi-

776 2156 910 2217 blon
963 2172 1186 2234 vagans
1234 2152 1613 2221 remanserit,
1677 2149 2079 2230 respondendi
2124 2150 2293 2229 copia
2347 2152 2533 2212 multa
2574 2152 2772 2215 datur.
2814 2156 3021 2236 Operis

774 2253 936 2315 enim
965 2252 1235 2314 Photiani
1268 2250 1677 2331 (Myriobiblon
1728 2248 1891 2328 dico)
1934 2255 2130 2309 textus
2181 2248 2355 2310 nobis
2416 2250 2733 2312 exhibetur
2788 2252 3017 2333 duplici

771 2358 1007 2413 tantum
1039 2350 1277 2419 codice;
1321 2356 1578 2427 uterque
1614 2347 1799 2409 codex
1864 2346 2218 2408 recentioris
2267 2347 2375 2407 aevi
2435 2354 2558 2419 est,
2617 2350 2727 2410 xil*
2784 2350 3020 2414 scilicet

771 2449 1005 2520 saeculi;
1060 2455 1310 2527 uterque
1343 2446 1550 2508 multis
1601 2446 1662 2506 in
1691 2445 1842 2506 locis
1895 2443 2221 2505 mendosus
2254 2452 2312 2506 et
2356 2446 2718 2517 lacunosus;
2760 2456 3017 2530 uterque

767 2548 1012 2609 demum
1050 2566 1120 2607 ex
1153 2546 1363 2606 eodem
1392 2544 1732 2624 descriptus
1760 2543 2104 2623 archetypo.
2152 2544 2423 2623 Insuper,
2458 2544 2508 2604 si
2547 2545 2798 2607 cuilibet
2827 2548 3014 2609 textui

768 2645 1165 2714 attendamuS,
1197 2661 1488 2703 numerus
1514 2642 1805 2703 librorum
1840 2658 1991 2720 quos
2020 2640 2168 2721 legit
2206 2640 2453 2702 Photius
2481 2642 2678 2703 evadit
2722 2642 3010 2707 incertus.

766 2745 1035 2805 Incertus
1080 2741 1264 2803 etiam
1302 2739 1447 2802 ordo
1500 2736 1876 2819 ἁναγνώσεων.
1907 2737 2086 2799 Nobis
2116 2737 2303 2817 igitur
2356 2738 2419 2798 in
2458 2738 2571 2801 hac
2614 2739 3013 2805 inconstantia

765 2840 1106 2905 constitutis
1167 2838 1503 2901 coniciendi
1555 2837 1797 2898 licentia
1857 2842 1948 2896 est
2007 2842 2272 2897 nostram
2337 2838 2397 2895 ἐκ
2448 2849 2559 2896 τῶν
2613 2841 3012 2920 Φιλοστοργίου

764 2937 997 3018 ἐκλογὴν
1049 2937 1297 2997 minime
1348 2934 1655 3015 prohiberi
1689 2934 1840 3012 quin
1892 2933 2214 3014 aliquando
2262 2933 2463 2995 locum
2505 2954 2684 2997 suum
2732 2936 3011 2999 habuerit

763 3035 919 3096 intra
950 3032 1292 3115 Myriobibli
1318 3033 1486 3102 fines,
1513 3039 1573 3092 et
1599 3031 1813 3092 exinde
1840 3030 2028 3092 fuisse
2058 3051 2091 3092 a
2117 3031 2321 3092 nescio
2372 3050 2493 3112 quo
2530 3034 3004 3106 exterminatam,

761 3133 886 3194 sive
919 3133 1193 3213 impietas
1221 3130 1604 3210 philostorgii
1647 3129 2045 3190 novissimum
2085 3129 2277 3190 Photii
2319 3133 2625 3212 ὑπογραφιῖκ
2662 3133 3000 3205 offenderit,

759 3232 884 3293 sive
931 3231 1357 3312 qualicumque
1391 3228 1506 3290 alia
1557 3228 1631 3289 de
1669 3247 1871 3289 causa.
1902 3264 1986 3272 —
2028 3227 2283 3288 Aliunde
2320 3235 2521 3289 autem
2568 3249 2685 3290 non
2734 3230 2863 3292 sine
2896 3233 3005 3293 ali-

759 3349 878 3410 qua
936 3329 1200 3390 veritatis
1260 3327 1492 3388 ratione
1547 3326 1826 3388 conicere
1888 3333 1979 3386 est
2043 3325 2365 3386 nonnullas
2433 3327 2704 3388 extitisse
2757 3329 2999 3410 ἐκλογάς,

759 3434 818 3488 et
845 3427 954 3488 ha's
982 3428 1056 3489 ab
1085 3445 1190 3487 ore
1216 3425 1433 3491 Photii,
1470 3443 1604 3504 quae
1635 3442 1797 3485 nunc
1846 3423 1908 3484 in
1937 3423 2292 3503 Myriobiblo
2321 3423 2629 3504 leguntur,
2669 3425 2742 3486 ab
2772 3426 3001 3507 origine

759 3541 896 3584 vero
924 3530 1374 3603 extravagantes
1409 3521 1594 3583 fuisse
1630 3521 1823 3582 editas
1858 3541 1872 3578 ε
1906 3521 1991 3581 ita
2021 3520 2155 3582 cod.
2196 3520 2315 3582 255
2380 3523 2763 3602 (Ἀνεγνώσθη
2809 3526 2867 3583 ἐκ
2901 3535 3001 3586 τοῦ

756 3620 912 3701 ὄιγίου
941 3625 1206 3703 μάρτυρος
1241 3623 1507 3681 Μεθοδίου
1537 3617 1630 3679 καὶ
1674 3622 1973 3680 ἐπισκόπου
2023 3629 2123 3679 τοῦ
2174 3619 2294 3700 περὶ
2343 3630 2455 3678 τῶν
2495 3632 2741 3698 γενητῶν
2798 3621 2996 3702 ἐκλογὴ

754 3716 897 3777 κατὰ
929 3717 1199 3798 σύνοψιν),
1237 3716 1460 3778 256·59
1527 3718 2010 3797 (Ἀνεγνώσθησαν
2042 3718 2101 3775 ἐκ
2139 3727 2242 3794 τῆς
2279 3718 2527 3796 Πρόκλου
2558 3724 2998 3797 χρηστομαθείας

751 3825 1139 3896 γραμματικῆς
1169 3816 1438 3894 ἐκλογαί),
1473 3823 1588 3876 etc.
1622 3817 1690 3876 Et
1718 3815 1847 3876 haec
1878 3815 2006 3894 ipsa
2038 3813 2224 3876 l’rocli
2257 3814 2733 3876 Chi-estomathia
2775 3817 2998 3896 reperi-

753 3921 853 3974 tur
890 3913 954 3974 in
997 3913 1302 3974 nonnullis
1335 3912 1648 3975 codicibus
1685 3912 1939 3974 seorsim
1968 3918 2130 3972 extra
2159 3910 2498 3993 Myriobibla·
2554 3913 2700 3973 fines
2749 3931 2990 3992 vagans,

752 4010 877 4071 Non
931 4016 1020 4070 est
1072 4009 1260 4090 igitur
1299 4009 1461 4090 quod
1519 4008 1812 4070 miremur
1867 4008 1917 4069 si
1970 4008 2231 4088 epitome
2283 4017 2482 4068 nostra
2514 4010 2573 4068 ἐκ
2625 4021 2735 4069 τῶν
2766 4009 2990 4071 Philos-

752 4108 934 4188 torgii
965 4115 1188 4169 sortem
1213 4108 1496 4170 habuerit
1525 4107 1915 4186 singularem.

829 4205 970 4276 Quae
1005 4224 1143 4266 cum
1177 4205 1260 4265 ita
1306 4205 1450 4275 sint,
1498 4203 1858 4284 supradictae
1896 4203 2185 4283 epitomes
2214 4199 2330 4263 ἀπο·
2359 4212 2541 4284 φωνῆς
2569 4204 2795 4263 Φωτιόυ
2849 4223 2993 4265 auc-

749 4301 959 4364 toritas
981 4303 1042 4362 in
1070 4301 1324 4365 dubium
1354 4301 1571 4364 adduci
1602 4301 1835 4381 nequit.
