<?xml version="1.0" encoding="UTF-8"?>
<!DOCTYPE html PUBLIC "-//W3C//DTD XHTML 1.0 Transitional//EN"
    "http://www.w3.org/TR/xhtml1/DTD/xhtml1-transitional.dtd">
<html xmlns="http://www.w3.org/1999/xhtml" xml:lang="en" lang="en">
 <head>
  <title>
</title>
<meta http-equiv="Content-Type" content="text/html;charset=utf-8" />
  <meta name='ocr-system' content='tesseract 3.04.00' />
  <meta name='ocr-capabilities' content='ocr_page ocr_carea ocr_par ocr_line ocrx_word'/>
</head>
<body>
  <div class='ocr_page' id='page_1' title='image "./qustionesphilos00batigoog_0052.png"; bbox 0 0 3484 5650; ppageno 0'>
   <div class='ocr_carea' id='block_1_1' title="bbox 752 610 2333 683">
    <p class='ocr_par' dir='ltr' id='par_1_1' title="bbox 752 610 2333 683">
     <span class='ocr_line' id='line_1_1' title="bbox 752 610 2333 683; baseline 0.002 -12"><span class='ocrx_word' id='word_1_1' title='bbox 752 622 814 672; x_wconf 70' lang='grc' dir='ltr'><strong>ιο</strong></span> <span class='ocrx_word' id='word_1_2' title='bbox 1405 625 1777 683; x_wconf 69' lang='lat' dir='ltr'><strong>ouAEsnossss</strong></span> <span class='ocrx_word' id='word_1_3' title='bbox 1806 610 2333 678; x_wconf 63' lang='lat' dir='ltr'><strong>ruitosroaomffi.</strong></span> 
     </span>
    </p>
   </div>
   <div class='ocr_carea' id='block_1_2' title="bbox 749 739 2994 1800">
    <p class='ocr_par' dir='ltr' id='par_1_2' title="bbox 749 739 2994 1800">
     <span class='ocr_line' id='line_1_2' title="bbox 749 739 2993 823; baseline 0.001 -22"><span class='ocrx_word' id='word_1_4' title='bbox 749 739 905 811; x_wconf 89' lang='lat' dir='ltr'><strong>Quid</strong></span> <span class='ocrx_word' id='word_1_5' title='bbox 956 748 1156 802; x_wconf 88' lang='lat' dir='ltr'><strong>autem</strong></span> <span class='ocrx_word' id='word_1_6' title='bbox 1201 740 1314 803; x_wconf 89' lang='lat' dir='ltr'><strong>sibi</strong></span> <span class='ocrx_word' id='word_1_7' title='bbox 1345 740 1505 803; x_wconf 74' lang='lat' dir='ltr'><strong>&#39;velit</strong></span> <span class='ocrx_word' id='word_1_8' title='bbox 1551 742 1701 803; x_wconf 89' lang='lat' dir='ltr'><strong>illud</strong></span> <span class='ocrx_word' id='word_1_9' title='bbox 1752 763 1777 802; x_wconf 76' lang='grc' dir='ltr'>α</span> <span class='ocrx_word' id='word_1_10' title='bbox 1819 742 1921 804; x_wconf 87' lang='lat' dir='ltr'><strong>alii</strong></span> <span class='ocrx_word' id='word_1_11' title='bbox 1975 742 2181 823; x_wconf 90' lang='lat' dir='ltr'><strong>plures</strong></span> <span class='ocrx_word' id='word_1_12' title='bbox 2236 763 2291 813; x_wconf 69' lang='lat' dir='ltr'><strong>n,</strong></span> <span class='ocrx_word' id='word_1_13' title='bbox 2336 760 2583 822; x_wconf 86' lang='lat' dir='ltr'><strong>prorsus</strong></span> <span class='ocrx_word' id='word_1_14' title='bbox 2630 741 2874 822; x_wconf 77' lang='lat' dir='ltr'><strong>ignoro!</strong></span> <span class='ocrx_word' id='word_1_15' title='bbox 2918 744 2993 804; x_wconf 84' lang='lat' dir='ltr'><strong>At</strong></span> 
     </span>
     <span class='ocr_line' id='line_1_3' title="bbox 751 839 2991 921; baseline 0 -20"><span class='ocrx_word' id='word_1_16' title='bbox 751 846 915 901; x_wconf 82' lang='lat' dir='ltr'><strong>certe</strong></span> <span class='ocrx_word' id='word_1_17' title='bbox 970 841 1249 901; x_wconf 88' lang='lat' dir='ltr'><strong>Ioannem</strong></span> <span class='ocrx_word' id='word_1_18' title='bbox 1308 842 1672 902; x_wconf 86' lang='lat' dir='ltr'><strong>monachum</strong></span> <span class='ocrx_word' id='word_1_19' title='bbox 1721 841 1979 903; x_wconf 85' lang='lat' dir='ltr'><strong>alicuius</strong></span> <span class='ocrx_word' id='word_1_20' title='bbox 2030 840 2431 921; x_wconf 84' lang='lat' dir='ltr'><strong>improbitatis</strong></span> <span class='ocrx_word' id='word_1_21' title='bbox 2490 840 2552 901; x_wconf 91' lang='lat' dir='ltr'><strong>in</strong></span> <span class='ocrx_word' id='word_1_22' title='bbox 2609 839 2991 921; x_wconf 83' lang='lat' dir='ltr'><strong>designandis</strong></span> 
     </span>
     <span class='ocr_line' id='line_1_4' title="bbox 751 937 2991 1019; baseline 0.002 -22"><span class='ocrx_word' id='word_1_23' title='bbox 751 937 1101 999; x_wconf 87' lang='lat' dir='ltr'><strong>auctoribus</strong></span> <span class='ocrx_word' id='word_1_24' title='bbox 1129 938 1256 1001; x_wconf 90' lang='lat' dir='ltr'><strong>suis</strong></span> <span class='ocrx_word' id='word_1_25' title='bbox 1283 938 1658 1019; x_wconf 82' lang='lat' dir='ltr'><strong>arguendum</strong></span> <span class='ocrx_word' id='word_1_26' title='bbox 1689 958 1922 1001; x_wconf 83' lang='lat' dir='ltr'><strong>censeo.</strong></span> <span class='ocrx_word' id='word_1_27' title='bbox 1954 972 2037 986; x_wconf 92' lang='lat'><strong>—</strong></span> <span class='ocrx_word' id='word_1_28' title='bbox 2065 939 2252 1001; x_wconf 89' lang='lat' dir='ltr'><strong>Etiam</strong></span> <span class='ocrx_word' id='word_1_29' title='bbox 2285 938 2347 999; x_wconf 90' lang='lat' dir='ltr'><strong>in</strong></span> <span class='ocrx_word' id='word_1_30' title='bbox 2376 938 2771 1019; x_wconf 87' lang='lat' dir='ltr'><strong>Philostorgio</strong></span> <span class='ocrx_word' id='word_1_31' title='bbox 2800 939 2991 1001; x_wconf 85' lang='lat' dir='ltr'><strong>intro-</strong></span> 
     </span>
     <span class='ocr_line' id='line_1_5' title="bbox 753 1032 2992 1116; baseline 0.001 -23"><span class='ocrx_word' id='word_1_32' title='bbox 753 1032 1026 1094; x_wconf 85' lang='lat' dir='ltr'><strong>ducendo</strong></span> <span class='ocrx_word' id='word_1_33' title='bbox 1061 1033 1268 1095; x_wconf 88' lang='lat' dir='ltr'><strong>eadem</strong></span> <span class='ocrx_word' id='word_1_34' title='bbox 1305 1034 1688 1116; x_wconf 83' lang='lat' dir='ltr'><strong>improbitate</strong></span> <span class='ocrx_word' id='word_1_35' title='bbox 1718 1036 1930 1097; x_wconf 85' lang='lat' dir='ltr'><strong>utitur.</strong></span> <span class='ocrx_word' id='word_1_36' title='bbox 1969 1035 2432 1115; x_wconf 86' lang='lat' dir='ltr'><strong>Philostorgium</strong></span> <span class='ocrx_word' id='word_1_37' title='bbox 2472 1035 2633 1096; x_wconf 90' lang='lat' dir='ltr'><strong>enim</strong></span> <span class='ocrx_word' id='word_1_38' title='bbox 2675 1036 2737 1096; x_wconf 91' lang='lat' dir='ltr'><strong>in</strong></span> <span class='ocrx_word' id='word_1_39' title='bbox 2778 1034 2992 1114; x_wconf 86' lang='lat' dir='ltr'><strong>primis</strong></span> 
     </span>
     <span class='ocr_line' id='line_1_6' title="bbox 753 1130 2991 1215; baseline 0.001 -25"><span class='ocrx_word' id='word_1_40' title='bbox 753 1137 1064 1203; x_wconf 81' lang='lat' dir='ltr'><strong>memorat,</strong></span> <span class='ocrx_word' id='word_1_41' title='bbox 1123 1132 1172 1192; x_wconf 77' lang='grc' dir='ltr'><strong>εἰ</strong></span> <span class='ocrx_word' id='word_1_42' title='bbox 1227 1138 1341 1203; x_wconf 76' lang='grc' dir='ltr'><strong><em>καί,</em></strong></span> <span class='ocrx_word' id='word_1_43' title='bbox 1406 1132 1626 1214; x_wconf 83' lang='lat' dir='ltr'><strong>inquit,</strong></span> <span class='ocrx_word' id='word_1_44' title='bbox 1679 1136 1931 1215; x_wconf 70' lang='grc' dir='ltr'>διάπυρος</span> <span class='ocrx_word' id='word_1_45' title='bbox 1989 1132 2223 1215; x_wconf 72' lang='grc' dir='ltr'>ἐραστὴς</span> <span class='ocrx_word' id='word_1_46' title='bbox 2276 1142 2379 1212; x_wconf 80' lang='grc' dir='ltr'><strong>τῆς</strong></span> <span class='ocrx_word' id='word_1_47' title='bbox 2436 1131 2704 1212; x_wconf 79' lang='grc' dir='ltr'>Εὖνομίου</span> <span class='ocrx_word' id='word_1_48' title='bbox 2759 1130 2991 1214; x_wconf 67' lang='grc' dir='ltr'>ὑπάρχεὶ</span> 
     </span>
     <span class='ocr_line' id='line_1_7' title="bbox 753 1228 2991 1311; baseline 0.002 -25"><span class='ocrx_word' id='word_1_49' title='bbox 753 1228 1005 1311; x_wconf 77' lang='grc' dir='ltr'>αἱρέσεως</span> <span class='ocrx_word' id='word_1_50' title='bbox 1052 1250 1066 1289; x_wconf 74' lang='grc' dir='ltr'><strong><em>ε</em></strong></span> <span class='ocrx_word' id='word_1_51' title='bbox 1109 1230 1694 1311; x_wconf 78' lang='lat' dir='ltr'><strong>philostorgiumque</strong></span> <span class='ocrx_word' id='word_1_52' title='bbox 1737 1232 1950 1293; x_wconf 78' lang='lat' dir='ltr'>recitat</span> <span class='ocrx_word' id='word_1_53' title='bbox 1991 1236 2062 1299; x_wconf 85' lang='grc' dir='ltr'><strong>ὡς</strong></span> <span class='ocrx_word' id='word_1_54' title='bbox 2096 1237 2155 1291; x_wconf 79' lang='grc' dir='ltr'><strong>αἱ</strong></span> <span class='ocrx_word' id='word_1_55' title='bbox 2195 1242 2307 1291; x_wconf 84' lang='grc' dir='ltr'>τῶν</span> <span class='ocrx_word' id='word_1_56' title='bbox 2348 1232 2595 1290; x_wconf 78' lang='grc' dir='ltr'>παλαιῶν</span> <span class='ocrx_word' id='word_1_57' title='bbox 2628 1232 2991 1311; x_wconf 78' lang='grc' dir='ltr'>διαγορεύουσι</span> 
     </span>
     <span class='ocr_line' id='line_1_8' title="bbox 753 1326 2994 1409; baseline 0.002 -24"><span class='ocrx_word' id='word_1_58' title='bbox 753 1326 932 1387; x_wconf 79' lang='grc' dir='ltr'>δέλτοι</span> <span class='ocrx_word' id='word_1_59' title='bbox 983 1347 996 1386; x_wconf 89' lang='lat'>:</span> <span class='ocrx_word' id='word_1_60' title='bbox 1042 1326 1628 1409; x_wconf 89' lang='lat' dir='ltr'><strong>Philostorgiumque</strong></span> <span class='ocrx_word' id='word_1_61' title='bbox 1676 1330 1805 1390; x_wconf 84' lang='lat' dir='ltr'><strong>vult</strong></span> <span class='ocrx_word' id='word_1_62' title='bbox 1850 1329 2141 1409; x_wconf 80' lang='lat' dir='ltr'>prolixam</span> <span class='ocrx_word' id='word_1_63' title='bbox 2193 1328 2440 1390; x_wconf 84' lang='lat' dir='ltr'><strong>Artemii</strong></span> <span class='ocrx_word' id='word_1_64' title='bbox 2478 1328 2758 1389; x_wconf 88' lang='lat' dir='ltr'><strong>retulisse</strong></span> <span class='ocrx_word' id='word_1_65' title='bbox 2808 1328 2994 1389; x_wconf 91' lang='lat' dir='ltr'><strong>histo-</strong></span> 
     </span>
     <span class='ocr_line' id='line_1_9' title="bbox 755 1423 2991 1508; baseline 0 -24"><span class='ocrx_word' id='word_1_66' title='bbox 755 1424 929 1494; x_wconf 82' lang='lat' dir='ltr'>riam,</span> <span class='ocrx_word' id='word_1_67' title='bbox 991 1426 1051 1483; x_wconf 83' lang='grc' dir='ltr'><strong>ἐκ</strong></span> <span class='ocrx_word' id='word_1_68' title='bbox 1105 1436 1216 1484; x_wconf 84' lang='grc' dir='ltr'>τῶν</span> <span class='ocrx_word' id='word_1_69' title='bbox 1269 1424 1468 1485; x_wconf 80' lang='grc' dir='ltr'>ἄνωθεν</span> <span class='ocrx_word' id='word_1_70' title='bbox 1529 1430 1741 1508; x_wconf 81' lang='grc' dir='ltr'>χρόνων</span> <span class='ocrx_word' id='word_1_71' title='bbox 1789 1426 1893 1508; x_wconf 76' lang='grc' dir='ltr'>τὴν</span> <span class='ocrx_word' id='word_1_72' title='bbox 1944 1440 2023 1507; x_wconf 82' lang='grc' dir='ltr'><strong>τῷ</strong></span> <span class='ocrx_word' id='word_1_73' title='bbox 2086 1426 2313 1507; x_wconf 74' lang='grc' dir='ltr'>μάρτυρι</span> <span class='ocrx_word' id='word_1_74' title='bbox 2366 1435 2671 1502; x_wconf 72' lang='grc' dir='ltr'>προσοῦσαν</span> <span class='ocrx_word' id='word_1_75' title='bbox 2728 1423 2991 1505; x_wconf 78' lang='grc' dir='ltr'>εὐγένειαν</span> 
     </span>
     <span class='ocr_line' id='line_1_10' title="bbox 754 1522 2990 1605; baseline 0.002 -25"><span class='ocrx_word' id='word_1_76' title='bbox 754 1522 1246 1605; x_wconf 80' lang='grc' dir='ltr'>ὑποσημῃνάμενος</span> <span class='ocrx_word' id='word_1_77' title='bbox 1293 1523 1445 1603; x_wconf 78' lang='lat' dir='ltr'><strong>(cap.</strong></span> <span class='ocrx_word' id='word_1_78' title='bbox 1505 1524 1590 1602; x_wconf 73' lang='lat'><strong>4).</strong></span> <span class='ocrx_word' id='word_1_79' title='bbox 1643 1526 1715 1585; x_wconf 83' lang='lat' dir='ltr'><strong>At</strong></span> <span class='ocrx_word' id='word_1_80' title='bbox 1763 1525 1939 1605; x_wconf 90' lang='lat' dir='ltr'><strong>paulo</strong></span> <span class='ocrx_word' id='word_1_81' title='bbox 1993 1529 2146 1604; x_wconf 91' lang='lat' dir='ltr'><strong>post,</strong></span> <span class='ocrx_word' id='word_1_82' title='bbox 2198 1543 2338 1585; x_wconf 84' lang='lat' dir='ltr'><strong>cum</strong></span> <span class='ocrx_word' id='word_1_83' title='bbox 2385 1522 2461 1585; x_wconf 91' lang='lat' dir='ltr'><strong>ad</strong></span> <span class='ocrx_word' id='word_1_84' title='bbox 2506 1541 2697 1603; x_wconf 88' lang='lat' dir='ltr'><strong>genus</strong></span> <span class='ocrx_word' id='word_1_85' title='bbox 2743 1522 2990 1584; x_wconf 80' lang='lat' dir='ltr'><strong>Artemii</strong></span> 
     </span>
     <span class='ocr_line' id='line_1_11' title="bbox 753 1618 2993 1703; baseline 0 -24"><span class='ocrx_word' id='word_1_86' title='bbox 753 1619 1135 1680; x_wconf 81' lang='lat' dir='ltr'><strong>referendum</strong></span> <span class='ocrx_word' id='word_1_87' title='bbox 1161 1627 1409 1681; x_wconf 80' lang='lat' dir='ltr'><strong>ventum</strong></span> <span class='ocrx_word' id='word_1_88' title='bbox 1437 1629 1550 1692; x_wconf 87' lang='lat' dir='ltr'><strong>est,</strong></span> <span class='ocrx_word' id='word_1_89' title='bbox 1581 1625 1837 1703; x_wconf 78' lang='grc' dir='ltr'>πατρίδος</span> <span class='ocrx_word' id='word_1_90' title='bbox 1868 1622 1956 1682; x_wconf 80' lang='grc' dir='ltr'><strong>καὶ</strong></span> <span class='ocrx_word' id='word_1_91' title='bbox 1986 1622 2170 1702; x_wconf 76' lang='grc' dir='ltr'>γένους</span> <span class='ocrx_word' id='word_1_92' title='bbox 2199 1620 2388 1692; x_wconf 80' lang='grc' dir='ltr'>αὐτοῦ,</span> <span class='ocrx_word' id='word_1_93' title='bbox 2406 1620 2621 1701; x_wconf 88' lang='lat' dir='ltr'><strong>inquit,</strong></span> <span class='ocrx_word' id='word_1_94' title='bbox 2649 1618 2993 1702; x_wconf 79' lang='grc' dir='ltr'>ἀνάγραπτον</span> 
     </span>
     <span class='ocr_line' id='line_1_12' title="bbox 757 1716 2991 1800; baseline 0.001 -24"><span class='ocrx_word' id='word_1_95' title='bbox 757 1721 986 1797; x_wconf 80' lang='grc' dir='ltr'>μνήμην</span> <span class='ocrx_word' id='word_1_96' title='bbox 1054 1716 1223 1785; x_wconf 76' lang='grc' dir='ltr'>οὐδεὶς</span> <span class='ocrx_word' id='word_1_97' title='bbox 1304 1720 1690 1800; x_wconf 81' lang='grc' dir='ltr'>παρεδὲδωκεν.</span> <span class='ocrx_word' id='word_1_98' title='bbox 1769 1752 1851 1767; x_wconf 90' lang='lat'><strong>—-·</strong></span> <span class='ocrx_word' id='word_1_99' title='bbox 1923 1720 2234 1789; x_wconf 80' lang='lat' dir='ltr'><strong>Monache‚</strong></span> <span class='ocrx_word' id='word_1_100' title='bbox 2318 1720 2673 1795; x_wconf 80' lang='lat' dir='ltr'><strong>monache,·</strong></span> <span class='ocrx_word' id='word_1_101' title='bbox 2717 1717 2991 1779; x_wconf 70' lang='lat' dir='ltr'><strong>mentiris</strong></span> 
     </span>
    </p>
   </div>
   <div class='ocr_carea' id='block_1_3' title="bbox 647 1813 1060 1894">
    <p class='ocr_par' dir='ltr' id='par_1_3' title="bbox 647 1813 1060 1894">
     <span class='ocr_line' id='line_1_13' title="bbox 647 1813 1060 1894; baseline 0.005 -21"><span class='ocrx_word' id='word_1_102' title='bbox 647 1849 651 1852; x_wconf 95' lang='lat'><em>-</em></span> <span class='ocrx_word' id='word_1_103' title='bbox 755 1813 1060 1894; x_wconf 73' lang='lat' dir='ltr'><strong>imperite!</strong></span> 
     </span>
    </p>
   </div>
   <div class='ocr_carea' id='block_1_4' title="bbox 753 1912 2998 3268">
    <p class='ocr_par' dir='ltr' id='par_1_4' title="bbox 753 1912 2998 3268">
     <span class='ocr_line' id='line_1_14' title="bbox 837 1912 2994 1995; baseline 0.001 -22"><span class='ocrx_word' id='word_1_104' title='bbox 837 1912 1040 1974; x_wconf 84' lang='lat' dir='ltr'>Fidem</span> <span class='ocrx_word' id='word_1_105' title='bbox 1071 1913 1258 1994; x_wconf 89' lang='lat' dir='ltr'><strong>igitur</strong></span> <span class='ocrx_word' id='word_1_106' title='bbox 1287 1934 1404 1975; x_wconf 90' lang='lat' dir='ltr'><strong>non</strong></span> <span class='ocrx_word' id='word_1_107' title='bbox 1438 1915 1854 1995; x_wconf 66' lang='lat' dir='ltr'><strong>praestabimus</strong></span> <span class='ocrx_word' id='word_1_108' title='bbox 1884 1916 2177 1977; x_wconf 82' lang='lat' dir='ltr'><strong>monacho</strong></span> <span class='ocrx_word' id='word_1_109' title='bbox 2208 1922 2409 1977; x_wconf 87' lang='lat' dir='ltr'><strong>nostro</strong></span> <span class='ocrx_word' id='word_1_110' title='bbox 2456 1914 2777 1975; x_wconf 79' lang='lat' dir='ltr'><strong>affirmanti</strong></span> <span class='ocrx_word' id='word_1_111' title='bbox 2804 1921 2994 1977; x_wconf 88' lang='lat' dir='ltr'><strong>mate-</strong></span> 
     </span>
     <span class='ocr_line' id='line_1_15' title="bbox 755 2010 2988 2094; baseline 0.001 -24"><span class='ocrx_word' id='word_1_112' title='bbox 755 2010 909 2071; x_wconf 83' lang='lat' dir='ltr'>riam</span> <span class='ocrx_word' id='word_1_113' title='bbox 961 2013 1374 2073; x_wconf 81' lang='lat' dir='ltr'><strong>eommentarii</strong></span> <span class='ocrx_word' id='word_1_114' title='bbox 1428 2014 1521 2074; x_wconf 90' lang='lat' dir='ltr'><strong>sui</strong></span> <span class='ocrx_word' id='word_1_115' title='bbox 1566 2034 1599 2075; x_wconf 91' lang='lat' dir='ltr'><strong>e</strong></span> <span class='ocrx_word' id='word_1_116' title='bbox 1646 2020 1732 2075; x_wconf 81' lang='lat' dir='ltr'><strong>tot</strong></span> <span class='ocrx_word' id='word_1_117' title='bbox 1777 2011 2215 2094; x_wconf 82' lang='lat' dir='ltr'><strong>probatissimis</strong></span> <span class='ocrx_word' id='word_1_118' title='bbox 2257 2012 2651 2093; x_wconf 78' lang='lat' dir='ltr'><strong>scriptoribus</strong></span> <span class='ocrx_word' id='word_1_119' title='bbox 2694 2012 2988 2075; x_wconf 82' lang='lat' dir='ltr'><strong>hausisse.</strong></span> 
     </span>
     <span class='ocr_line' id='line_1_16' title="bbox 755 2109 2994 2193; baseline 0.001 -24"><span class='ocrx_word' id='word_1_120' title='bbox 755 2109 1114 2187; x_wconf 87' lang='lat' dir='ltr'><strong>Legentibus</strong></span> <span class='ocrx_word' id='word_1_121' title='bbox 1173 2129 1389 2189; x_wconf 87' lang='lat' dir='ltr'><strong>nempe</strong></span> <span class='ocrx_word' id='word_1_122' title='bbox 1450 2112 1917 2173; x_wconf 86' lang='lat' dir='ltr'><strong>commentarius</strong></span> <span class='ocrx_word' id='word_1_123' title='bbox 1975 2112 2087 2171; x_wconf 90' lang='lat' dir='ltr'><strong>iste</strong></span> <span class='ocrx_word' id='word_1_124' title='bbox 2142 2130 2174 2171; x_wconf 90' lang='lat' dir='ltr'><strong>e</strong></span> <span class='ocrx_word' id='word_1_125' title='bbox 2239 2109 2467 2193; x_wconf 80' lang='lat' dir='ltr'><strong>triplici</strong></span> <span class='ocrx_word' id='word_1_126' title='bbox 2538 2116 2771 2172; x_wconf 86' lang='lat' dir='ltr'><strong>tantum</strong></span> <span class='ocrx_word' id='word_1_127' title='bbox 2831 2110 2994 2171; x_wconf 83' lang='lat' dir='ltr'><strong>fonte</strong></span> 
     </span>
     <span class='ocr_line' id='line_1_17' title="bbox 755 2206 2993 2289; baseline 0.001 -24"><span class='ocrx_word' id='word_1_128' title='bbox 755 2206 1007 2267; x_wconf 86' lang='lat' dir='ltr'><strong>haustus</strong></span> <span class='ocrx_word' id='word_1_129' title='bbox 1043 2206 1300 2269; x_wconf 85' lang='lat' dir='ltr'><strong>videtur.</strong></span> <span class='ocrx_word' id='word_1_130' title='bbox 1352 2208 1653 2289; x_wconf 88' lang='lat' dir='ltr'><strong>Quidquid</strong></span> <span class='ocrx_word' id='word_1_131' title='bbox 1699 2217 1977 2271; x_wconf 80' lang='lat' dir='ltr'><strong>narratur</strong></span> <span class='ocrx_word' id='word_1_132' title='bbox 2026 2208 2181 2288; x_wconf 85' lang='lat' dir='ltr'><strong>(cap.</strong></span> <span class='ocrx_word' id='word_1_133' title='bbox 2232 2206 2434 2287; x_wconf 78' lang='lat'>15-18)</span> <span class='ocrx_word' id='word_1_134' title='bbox 2486 2206 2561 2269; x_wconf 88' lang='lat' dir='ltr'><strong>de</strong></span> <span class='ocrx_word' id='word_1_135' title='bbox 2606 2207 2993 2269; x_wconf 89' lang='lat' dir='ltr'><strong>translatione</strong></span> 
     </span>
     <span class='ocr_line' id='line_1_18' title="bbox 753 2302 2993 2385; baseline 0.001 -23"><span class='ocrx_word' id='word_1_136' title='bbox 753 2302 1323 2383; x_wconf 89' lang='lat' dir='ltr'><strong>Constantinopolim</strong></span> <span class='ocrx_word' id='word_1_137' title='bbox 1351 2306 1744 2385; x_wconf 85' lang='lat' dir='ltr'><strong>reliquiarum</strong></span> <span class='ocrx_word' id='word_1_138' title='bbox 1774 2326 1853 2367; x_wconf 75' lang='lat' dir='ltr'><strong>ss,</strong></span> <span class='ocrx_word' id='word_1_139' title='bbox 1888 2306 2137 2370; x_wconf 78' lang='lat' dir='ltr'><strong>Andreae</strong></span> <span class='ocrx_word' id='word_1_140' title='bbox 2170 2313 2229 2367; x_wconf 88' lang='lat' dir='ltr'><strong>et</strong></span> <span class='ocrx_word' id='word_1_141' title='bbox 2256 2307 2429 2367; x_wconf 85' lang='lat' dir='ltr'><strong>Lucae</strong></span> <span class='ocrx_word' id='word_1_142' title='bbox 2468 2306 2580 2367; x_wconf 90' lang='lat' dir='ltr'><strong>sub</strong></span> <span class='ocrx_word' id='word_1_143' title='bbox 2614 2304 2993 2367; x_wconf 86' lang='lat' dir='ltr'><strong>Constantino</strong></span> 
     </span>
     <span class='ocr_line' id='line_1_19' title="bbox 756 2400 2995 2485; baseline 0.002 -26"><span class='ocrx_word' id='word_1_144' title='bbox 756 2400 1135 2479; x_wconf 87' lang='lat' dir='ltr'><strong>imperatore,</strong></span> <span class='ocrx_word' id='word_1_145' title='bbox 1168 2402 1463 2481; x_wconf 87' lang='lat' dir='ltr'><strong>prodiisse</strong></span> <span class='ocrx_word' id='word_1_146' title='bbox 1500 2403 1739 2465; x_wconf 84' lang='lat' dir='ltr'><strong>videtur</strong></span> <span class='ocrx_word' id='word_1_147' title='bbox 1766 2424 1798 2464; x_wconf 84' lang='lat' dir='ltr'><strong>e</strong></span> <span class='ocrx_word' id='word_1_148' title='bbox 1842 2404 2085 2485; x_wconf 84' lang='lat' dir='ltr'><strong>speciali</strong></span> <span class='ocrx_word' id='word_1_149' title='bbox 2128 2402 2305 2466; x_wconf 81' lang='lat' dir='ltr'><strong>dictae</strong></span> <span class='ocrx_word' id='word_1_150' title='bbox 2346 2402 2751 2465; x_wconf 84' lang='lat' dir='ltr'><strong>translationis</strong></span> <span class='ocrx_word' id='word_1_151' title='bbox 2790 2422 2995 2465; x_wconf 85' lang='lat' dir='ltr'><strong>narra-</strong></span> 
     </span>
     <span class='ocr_line' id='line_1_20' title="bbox 754 2498 2998 2581; baseline 0.001 -24"><span class='ocrx_word' id='word_1_152' title='bbox 754 2498 937 2559; x_wconf 86' lang='lat' dir='ltr'><strong>tione.</strong></span> <span class='ocrx_word' id='word_1_153' title='bbox 979 2498 1282 2579; x_wconf 89' lang='lat' dir='ltr'><strong>Quidquid</strong></span> <span class='ocrx_word' id='word_1_154' title='bbox 1315 2508 1590 2562; x_wconf 88' lang='lat' dir='ltr'><strong>narratur</strong></span> <span class='ocrx_word' id='word_1_155' title='bbox 1623 2502 1696 2562; x_wconf 92' lang='lat' dir='ltr'><strong>de</strong></span> <span class='ocrx_word' id='word_1_156' title='bbox 1726 2501 2004 2581; x_wconf 89' lang='lat' dir='ltr'><strong>passione</strong></span> <span class='ocrx_word' id='word_1_157' title='bbox 2034 2521 2116 2561; x_wconf 82' lang='lat' dir='ltr'><strong>ss,</strong></span> <span class='ocrx_word' id='word_1_158' title='bbox 2154 2500 2390 2563; x_wconf 81' lang='lat' dir='ltr'><strong>Macarii</strong></span> <span class='ocrx_word' id='word_1_159' title='bbox 2424 2506 2483 2562; x_wconf 89' lang='lat' dir='ltr'><strong>et</strong></span> <span class='ocrx_word' id='word_1_160' title='bbox 2518 2499 2791 2580; x_wconf 83' lang='lat' dir='ltr'><strong>Eugenii,</strong></span> <span class='ocrx_word' id='word_1_161' title='bbox 2826 2499 2998 2581; x_wconf 85' lang='lat' dir='ltr'><strong>quid·</strong></span> 
     </span>
     <span class='ocr_line' id='line_1_21' title="bbox 755 2595 2996 2678; baseline 0 -20"><span class='ocrx_word' id='word_1_162' title='bbox 755 2595 901 2675; x_wconf 91' lang='lat' dir='ltr'><strong>quid</strong></span> <span class='ocrx_word' id='word_1_163' title='bbox 957 2595 1030 2657; x_wconf 90' lang='lat' dir='ltr'><strong>de</strong></span> <span class='ocrx_word' id='word_1_164' title='bbox 1080 2598 1326 2659; x_wconf 85' lang='lat' dir='ltr'><strong>Artemii</strong></span> <span class='ocrx_word' id='word_1_165' title='bbox 1375 2598 1708 2661; x_wconf 84' lang='lat' dir='ltr'><strong>constantia</strong></span> <span class='ocrx_word' id='word_1_166' title='bbox 1771 2606 1829 2661; x_wconf 92' lang='lat' dir='ltr'><strong>et</strong></span> <span class='ocrx_word' id='word_1_167' title='bbox 1884 2598 2222 2678; x_wconf 88' lang='lat' dir='ltr'><strong>eloquentia</strong></span> <span class='ocrx_word' id='word_1_168' title='bbox 2280 2598 2341 2658; x_wconf 92' lang='lat' dir='ltr'><strong>in</strong></span> <span class='ocrx_word' id='word_1_169' title='bbox 2394 2597 2708 2669; x_wconf 88' lang='lat' dir='ltr'><strong>tribunali,</strong></span> <span class='ocrx_word' id='word_1_170' title='bbox 2752 2598 2996 2678; x_wconf 85' lang='lat' dir='ltr'><strong>vulgare</strong></span> 
     </span>
     <span class='ocr_line' id='line_1_22' title="bbox 753 2695 2996 2777; baseline 0.001 -23"><span class='ocrx_word' id='word_1_171' title='bbox 753 2713 944 2773; x_wconf 87' lang='lat' dir='ltr'><strong>genus</strong></span> <span class='ocrx_word' id='word_1_172' title='bbox 995 2695 1420 2777; x_wconf 72' lang='lat' dir='ltr'><strong>martyriorum</strong></span> <span class='ocrx_word' id='word_1_173' title='bbox 1468 2698 1610 2768; x_wconf 81' lang='lat' dir='ltr'><strong>olet,</strong></span> <span class='ocrx_word' id='word_1_174' title='bbox 1655 2704 1715 2758; x_wconf 88' lang='lat' dir='ltr'><strong>et</strong></span> <span class='ocrx_word' id='word_1_175' title='bbox 1756 2716 1875 2758; x_wconf 90' lang='lat' dir='ltr'><strong>non</strong></span> <span class='ocrx_word' id='word_1_176' title='bbox 1919 2696 2082 2757; x_wconf 91' lang='lat' dir='ltr'><strong>aliud</strong></span> <span class='ocrx_word' id='word_1_177' title='bbox 2129 2702 2220 2757; x_wconf 88' lang='lat' dir='ltr'><strong>est</strong></span> <span class='ocrx_word' id='word_1_178' title='bbox 2266 2696 2383 2757; x_wconf 89' lang='lat' dir='ltr'><strong>nisi</strong></span> <span class='ocrx_word' id='word_1_179' title='bbox 2426 2696 2523 2775; x_wconf 90' lang='lat' dir='ltr'><strong>pie</strong></span> <span class='ocrx_word' id='word_1_180' title='bbox 2570 2695 2996 2758; x_wconf 85' lang='lat' dir='ltr'><strong>rhetoricantis</strong></span> 
     </span>
     <span class='ocr_line' id='line_1_23' title="bbox 759 2792 2993 2876; baseline 0.001 -24"><span class='ocrx_word' id='word_1_181' title='bbox 759 2792 986 2871; x_wconf 86' lang='lat' dir='ltr'><strong>ingenii</strong></span> <span class='ocrx_word' id='word_1_182' title='bbox 1017 2794 1387 2855; x_wconf 70' lang='lat' dir='ltr'><strong>exercitatio,</strong></span> <span class='ocrx_word' id='word_1_183' title='bbox 1417 2796 1463 2856; x_wconf 86' lang='grc' dir='ltr'><strong>Α</strong></span> <span class='ocrx_word' id='word_1_184' title='bbox 1493 2802 1721 2857; x_wconf 74' lang='lat' dir='ltr'><strong>tcontra</strong></span> <span class='ocrx_word' id='word_1_185' title='bbox 1751 2793 2048 2876; x_wconf 89' lang='lat' dir='ltr'><strong>quidquid</strong></span> <span class='ocrx_word' id='word_1_186' title='bbox 2080 2795 2341 2863; x_wconf 82' lang='lat' dir='ltr'><strong>refertur</strong></span> <span class='ocrx_word' id='word_1_187' title='bbox 2370 2815 2383 2854; x_wconf 90' lang='lat'>:</span> <span class='ocrx_word' id='word_1_188' title='bbox 2413 2831 2491 2838; x_wconf 93' lang='grc'><strong>--</strong></span> <span class='ocrx_word' id='word_1_189' title='bbox 2519 2793 2594 2855; x_wconf 90' lang='lat' dir='ltr'><strong>de</strong></span> <span class='ocrx_word' id='word_1_190' title='bbox 2626 2793 2993 2856; x_wconf 89' lang='lat' dir='ltr'><strong>Constantini</strong></span> 
     </span>
     <span class='ocr_line' id='line_1_24' title="bbox 757 2890 2995 2972; baseline 0.001 -22"><span class='ocrx_word' id='word_1_191' title='bbox 757 2890 1136 2970; x_wconf 87' lang='lat' dir='ltr'><strong>imperatoris</strong></span> <span class='ocrx_word' id='word_1_192' title='bbox 1202 2891 1372 2953; x_wconf 92' lang='lat' dir='ltr'><strong>obitu</strong></span> <span class='ocrx_word' id='word_1_193' title='bbox 1444 2911 1671 2954; x_wconf 84' lang='lat' dir='ltr'><strong>veneno</strong></span> <span class='ocrx_word' id='word_1_194' title='bbox 1735 2894 2044 2972; x_wconf 90' lang='lat' dir='ltr'><strong>pereuntis</strong></span> <span class='ocrx_word' id='word_1_195' title='bbox 2109 2913 2179 2954; x_wconf 83' lang='lat' dir='ltr'><strong>ex</strong></span> <span class='ocrx_word' id='word_1_196' title='bbox 2249 2891 2663 2954; x_wconf 80' lang='lat' dir='ltr'><strong>coniuratione</strong></span> <span class='ocrx_word' id='word_1_197' title='bbox 2738 2893 2995 2954; x_wconf 83' lang='lat' dir='ltr'><strong>fratrum</strong></span> 
     </span>
     <span class='ocr_line' id='line_1_25' title="bbox 763 2988 2995 3071; baseline 0.001 -21"><span class='ocrx_word' id='word_1_198' title='bbox 763 2991 917 3068; x_wconf 89' lang='lat' dir='ltr'><strong>(cap.</strong></span> <span class='ocrx_word' id='word_1_199' title='bbox 967 2988 1058 3068; x_wconf 89' lang='lat'><strong>7);</strong></span> <span class='ocrx_word' id='word_1_200' title='bbox 1113 3025 1193 3033; x_wconf 85' lang='lat'>—</span> <span class='ocrx_word' id='word_1_201' title='bbox 1243 2990 1316 3050; x_wconf 87' lang='lat' dir='ltr'><strong>de</strong></span> <span class='ocrx_word' id='word_1_202' title='bbox 1363 2990 1660 3053; x_wconf 86' lang='lat' dir='ltr'><strong>divisione</strong></span> <span class='ocrx_word' id='word_1_203' title='bbox 1711 2991 1952 3071; x_wconf 90' lang='lat' dir='ltr'><strong>imperii</strong></span> <span class='ocrx_word' id='word_1_204' title='bbox 2006 2992 2164 3053; x_wconf 91' lang='lat' dir='ltr'><strong>inter</strong></span> <span class='ocrx_word' id='word_1_205' title='bbox 2213 2989 2578 3053; x_wconf 87' lang='lat' dir='ltr'><strong>Constantini</strong></span> <span class='ocrx_word' id='word_1_206' title='bbox 2632 2991 2787 3052; x_wconf 85' lang='lat' dir='ltr'><strong>filios</strong></span> <span class='ocrx_word' id='word_1_207' title='bbox 2841 2991 2995 3052; x_wconf 88' lang='lat' dir='ltr'><strong>facta</strong></span> 
     </span>
     <span class='ocr_line' id='line_1_26' title="bbox 761 3086 2990 3169; baseline 0 -22"><span class='ocrx_word' id='word_1_208' title='bbox 761 3088 912 3168; x_wconf 79' lang='lat' dir='ltr'><strong>(cap.</strong></span> <span class='ocrx_word' id='word_1_209' title='bbox 941 3086 1031 3166; x_wconf 88' lang='lat'><strong>8);</strong></span> <span class='ocrx_word' id='word_1_210' title='bbox 1064 3123 1144 3131; x_wconf 86' lang='lat'>—</span> <span class='ocrx_word' id='word_1_211' title='bbox 1171 3088 1244 3149; x_wconf 89' lang='lat' dir='ltr'><strong>de</strong></span> <span class='ocrx_word' id='word_1_212' title='bbox 1273 3089 1638 3150; x_wconf 85' lang='lat' dir='ltr'><strong>Constantini</strong></span> <span class='ocrx_word' id='word_1_213' title='bbox 1675 3089 1931 3151; x_wconf 87' lang='lat' dir='ltr'><strong>iunioris</strong></span> <span class='ocrx_word' id='word_1_214' title='bbox 1960 3096 2018 3151; x_wconf 89' lang='lat' dir='ltr'><strong>et</strong></span> <span class='ocrx_word' id='word_1_215' title='bbox 2051 3090 2122 3150; x_wconf 88' lang='lat' dir='ltr'><strong>de</strong></span> <span class='ocrx_word' id='word_1_216' title='bbox 2148 3089 2483 3151; x_wconf 89' lang='lat' dir='ltr'><strong>Constantis</strong></span> <span class='ocrx_word' id='word_1_217' title='bbox 2518 3088 2688 3150; x_wconf 93' lang='lat' dir='ltr'><strong>obitu</strong></span> <span class='ocrx_word' id='word_1_218' title='bbox 2713 3089 2866 3169; x_wconf 88' lang='lat' dir='ltr'><strong>(cap.</strong></span> <span class='ocrx_word' id='word_1_219' title='bbox 2896 3088 2990 3168; x_wconf 80' lang='lat'><strong>9);</strong></span> 
     </span>
     <span class='ocr_line' id='line_1_27' title="bbox 755 3181 2990 3268; baseline 0 -22"><span class='ocrx_word' id='word_1_220' title='bbox 755 3181 836 3231; x_wconf 77' lang='grc'><strong>-’-</strong></span> <span class='ocrx_word' id='word_1_221' title='bbox 865 3186 938 3246; x_wconf 88' lang='lat' dir='ltr'><strong>de</strong></span> <span class='ocrx_word' id='word_1_222' title='bbox 967 3186 1140 3266; x_wconf 86' lang='lat' dir='ltr'><strong>signo</strong></span> <span class='ocrx_word' id='word_1_223' title='bbox 1171 3186 1369 3248; x_wconf 82' lang='lat' dir='ltr'><strong>crucis</strong></span> <span class='ocrx_word' id='word_1_224' title='bbox 1397 3187 1558 3264; x_wconf 89' lang='lat' dir='ltr'><strong>quod</strong></span> <span class='ocrx_word' id='word_1_225' title='bbox 1591 3187 2017 3268; x_wconf 72' lang='lat' dir='ltr'><strong>hierosolymis</strong></span> <span class='ocrx_word' id='word_1_226' title='bbox 2044 3187 2107 3247; x_wconf 90' lang='lat' dir='ltr'><strong>in</strong></span> <span class='ocrx_word' id='word_1_227' title='bbox 2143 3187 2296 3249; x_wconf 85' lang='lat' dir='ltr'><strong>coelo</strong></span> <span class='ocrx_word' id='word_1_228' title='bbox 2326 3187 2521 3247; x_wconf 90' lang='lat' dir='ltr'><strong>visum</strong></span> <span class='ocrx_word' id='word_1_229' title='bbox 2551 3192 2641 3246; x_wconf 91' lang='lat' dir='ltr'><strong>est</strong></span> <span class='ocrx_word' id='word_1_230' title='bbox 2670 3187 2821 3267; x_wconf 85' lang='lat' dir='ltr'><strong>(cap.</strong></span> <span class='ocrx_word' id='word_1_231' title='bbox 2857 3186 2990 3264; x_wconf 82' lang='lat'>11);</span> 
     </span>
    </p>
   </div>
   <div class='ocr_carea' id='block_1_5' title="bbox 754 3283 3082 3365">
    <p class='ocr_par' dir='ltr' id='par_1_5' title="bbox 754 3283 3082 3365">
     <span class='ocr_line' id='line_1_28' title="bbox 754 3283 3082 3365; baseline -0 -21"><span class='ocrx_word' id='word_1_232' title='bbox 754 3319 836 3331; x_wconf 96' lang='lat'>—</span> <span class='ocrx_word' id='word_1_233' title='bbox 869 3284 944 3344; x_wconf 90' lang='lat' dir='ltr'><strong>de</strong></span> <span class='ocrx_word' id='word_1_234' title='bbox 974 3284 1120 3345; x_wconf 89' lang='lat' dir='ltr'><strong>Galli</strong></span> <span class='ocrx_word' id='word_1_235' title='bbox 1159 3284 1402 3345; x_wconf 79' lang='lat' dir='ltr'><strong>Caesaris</strong></span> <span class='ocrx_word' id='word_1_236' title='bbox 1433 3293 1626 3346; x_wconf 88' lang='lat' dir='ltr'><strong>morte</strong></span> <span class='ocrx_word' id='word_1_237' title='bbox 1673 3287 1826 3365; x_wconf 86' lang='lat' dir='ltr'><strong>(cap.</strong></span> <span class='ocrx_word' id='word_1_238' title='bbox 1871 3283 2112 3364; x_wconf 76' lang='lat'>12-16);</span> <span class='ocrx_word' id='word_1_239' title='bbox 2152 3321 2232 3328; x_wconf 89' lang='lat'><strong>—-</strong></span> <span class='ocrx_word' id='word_1_240' title='bbox 2276 3285 2347 3345; x_wconf 89' lang='lat' dir='ltr'><strong>de</strong></span> <span class='ocrx_word' id='word_1_241' title='bbox 2378 3283 2703 3345; x_wconf 84' lang='lat' dir='ltr'><strong>Constantii</strong></span> <span class='ocrx_word' id='word_1_242' title='bbox 2742 3284 2999 3363; x_wconf 89' lang='lat' dir='ltr'><strong>impera·</strong></span> <span class='ocrx_word' id='word_1_243' title='bbox 3078 3350 3082 3354; x_wconf 80' lang='lat'><em>.</em></span> 
     </span>
    </p>
   </div>
   <div class='ocr_carea' id='block_1_6' title="bbox 755 3380 2997 3756">
    <p class='ocr_par' dir='ltr' id='par_1_6' title="bbox 755 3380 2997 3756">
     <span class='ocr_line' id='line_1_29' title="bbox 758 3380 2996 3462; baseline 0 -20"><span class='ocrx_word' id='word_1_244' title='bbox 758 3382 904 3442; x_wconf 84' lang='lat' dir='ltr'><strong>toris</strong></span> <span class='ocrx_word' id='word_1_245' title='bbox 946 3381 1163 3462; x_wconf 88' lang='lat' dir='ltr'><strong>pietate</strong></span> <span class='ocrx_word' id='word_1_246' title='bbox 1203 3380 1358 3462; x_wconf 83' lang='lat' dir='ltr'><strong>(cap.</strong></span> <span class='ocrx_word' id='word_1_247' title='bbox 1396 3381 1525 3462; x_wconf 84' lang='lat'>17);</span> <span class='ocrx_word' id='word_1_248' title='bbox 1561 3419 1642 3426; x_wconf 85' lang='lat'><strong>-—</strong></span> <span class='ocrx_word' id='word_1_249' title='bbox 1679 3383 1755 3444; x_wconf 89' lang='lat' dir='ltr'><strong>de</strong></span> <span class='ocrx_word' id='word_1_250' title='bbox 1790 3382 2059 3444; x_wconf 89' lang='lat' dir='ltr'><strong>eiusdem</strong></span> <span class='ocrx_word' id='word_1_251' title='bbox 2098 3383 2267 3444; x_wconf 87' lang='lat' dir='ltr'><strong>obitu</strong></span> <span class='ocrx_word' id='word_1_252' title='bbox 2298 3389 2357 3442; x_wconf 86' lang='lat' dir='ltr'><strong>et</strong></span> <span class='ocrx_word' id='word_1_253' title='bbox 2396 3381 2469 3442; x_wconf 89' lang='lat' dir='ltr'><strong>de</strong></span> <span class='ocrx_word' id='word_1_254' title='bbox 2503 3381 2717 3442; x_wconf 89' lang='lat' dir='ltr'><strong>luliani</strong></span> <span class='ocrx_word' id='word_1_255' title='bbox 2753 3381 2996 3442; x_wconf 85' lang='lat' dir='ltr'><strong>Caesaris</strong></span> 
     </span>
     <span class='ocr_line' id='line_1_30' title="bbox 757 3479 2990 3560; baseline -0 -20"><span class='ocrx_word' id='word_1_256' title='bbox 757 3498 1000 3540; x_wconf 84' lang='lat' dir='ltr'><strong>accessu</strong></span> <span class='ocrx_word' id='word_1_257' title='bbox 1035 3480 1187 3560; x_wconf 86' lang='lat' dir='ltr'><strong>(cap.</strong></span> <span class='ocrx_word' id='word_1_258' title='bbox 1223 3479 1432 3559; x_wconf 58' lang='lat' dir='ltr'><strong>til-21)</strong></span> <span class='ocrx_word' id='word_1_259' title='bbox 1462 3503 1476 3550; x_wconf 92' lang='grc'><strong>;</strong></span> <span class='ocrx_word' id='word_1_260' title='bbox 1509 3517 1589 3525; x_wconf 87' lang='lat'><em>-</em></span> <span class='ocrx_word' id='word_1_261' title='bbox 1618 3481 1690 3542; x_wconf 92' lang='lat' dir='ltr'><strong>de</strong></span> <span class='ocrx_word' id='word_1_262' title='bbox 1710 3481 1937 3542; x_wconf 82' lang='lat' dir='ltr'><strong>Iuliani·</strong></span> <span class='ocrx_word' id='word_1_263' title='bbox 1961 3480 2205 3542; x_wconf 82' lang='lat' dir='ltr'><strong>saevitiis</strong></span> <span class='ocrx_word' id='word_1_264' title='bbox 2237 3479 2298 3540; x_wconf 92' lang='lat' dir='ltr'><strong>in</strong></span> <span class='ocrx_word' id='word_1_265' title='bbox 2325 3479 2693 3541; x_wconf 88' lang='lat' dir='ltr'><strong>Christianos</strong></span> <span class='ocrx_word' id='word_1_266' title='bbox 2723 3479 2990 3560; x_wconf 68' lang='lat'>(21-24);</span> 
     </span>
     <span class='ocr_line' id='line_1_31' title="bbox 755 3576 2996 3659; baseline -0 -22"><span class='ocrx_word' id='word_1_267' title='bbox 755 3612 836 3620; x_wconf 94' lang='lat'><strong>—-</strong></span> <span class='ocrx_word' id='word_1_268' title='bbox 894 3577 966 3637; x_wconf 91' lang='lat' dir='ltr'><strong>de</strong></span> <span class='ocrx_word' id='word_1_269' title='bbox 1034 3578 1276 3638; x_wconf 84' lang='lat' dir='ltr'><strong>oraculo</strong></span> <span class='ocrx_word' id='word_1_270' title='bbox 1311 3579 1584 3658; x_wconf 84' lang='lat' dir='ltr'><strong>Daphnes</strong></span> <span class='ocrx_word' id='word_1_271' title='bbox 1646 3586 1706 3640; x_wconf 87' lang='lat' dir='ltr'><strong>et</strong></span> <span class='ocrx_word' id='word_1_272' title='bbox 1765 3579 1839 3640; x_wconf 91' lang='lat' dir='ltr'><strong>de</strong></span> <span class='ocrx_word' id='word_1_273' title='bbox 1898 3585 2103 3640; x_wconf 88' lang='lat' dir='ltr'><strong>sancto</strong></span> <span class='ocrx_word' id='word_1_274' title='bbox 2160 3578 2371 3659; x_wconf 80' lang='lat' dir='ltr'><strong>Babyla</strong></span> <span class='ocrx_word' id='word_1_275' title='bbox 2416 3579 2569 3658; x_wconf 86' lang='lat' dir='ltr'><strong>(cap.</strong></span> <span class='ocrx_word' id='word_1_276' title='bbox 2626 3576 2865 3656; x_wconf 82' lang='lat'>51-57);</span> <span class='ocrx_word' id='word_1_277' title='bbox 2915 3613 2996 3622; x_wconf 89' lang='lat'><strong>---</strong></span> 
     </span>
     <span class='ocr_line' id='line_1_32' title="bbox 759 3674 2997 3756; baseline 0 -22"><span class='ocrx_word' id='word_1_278' title='bbox 759 3674 832 3734; x_wconf 89' lang='lat' dir='ltr'><strong>de</strong></span> <span class='ocrx_word' id='word_1_279' title='bbox 854 3680 1046 3735; x_wconf 89' lang='lat' dir='ltr'><strong>statua</strong></span> <span class='ocrx_word' id='word_1_280' title='bbox 1111 3674 1324 3736; x_wconf 86' lang='lat' dir='ltr'><strong>Christi</strong></span> <span class='ocrx_word' id='word_1_281' title='bbox 1398 3676 1664 3737; x_wconf 84' lang='lat' dir='ltr'><strong>Paneade</strong></span> <span class='ocrx_word' id='word_1_282' title='bbox 1725 3684 1786 3738; x_wconf 88' lang='lat' dir='ltr'><strong>et</strong></span> <span class='ocrx_word' id='word_1_283' title='bbox 1846 3677 1919 3737; x_wconf 92' lang='lat' dir='ltr'><strong>de</strong></span> <span class='ocrx_word' id='word_1_284' title='bbox 1980 3676 2203 3754; x_wconf 90' lang='lat' dir='ltr'><strong>templo</strong></span> <span class='ocrx_word' id='word_1_285' title='bbox 2272 3675 2610 3737; x_wconf 85' lang='lat' dir='ltr'><strong>Iudaeorum</strong></span> <span class='ocrx_word' id='word_1_286' title='bbox 2666 3675 2997 3756; x_wconf 80' lang='lat' dir='ltr'><strong>Hierosoly-</strong></span> 
     </span>
    </p>
   </div>
   <div class='ocr_carea' id='block_1_7' title="bbox 758 3772 2995 4030">
    <p class='ocr_par' dir='ltr' id='par_1_7' title="bbox 758 3772 2995 4030">
     <span class='ocr_line' id='line_1_33' title="bbox 759 3772 2995 3854; baseline 0 -22"><span class='ocrx_word' id='word_1_287' title='bbox 759 3772 875 3834; x_wconf 86' lang='lat' dir='ltr'><strong>mis</strong></span> <span class='ocrx_word' id='word_1_288' title='bbox 938 3772 1268 3834; x_wconf 87' lang='lat' dir='ltr'><strong>instaurato</strong></span> <span class='ocrx_word' id='word_1_289' title='bbox 1327 3773 1478 3852; x_wconf 83' lang='lat' dir='ltr'><strong>(cap.</strong></span> <span class='ocrx_word' id='word_1_290' title='bbox 1533 3773 1631 3843; x_wconf 82' lang='lat'><strong>57,</strong></span> <span class='ocrx_word' id='word_1_291' title='bbox 1662 3774 1921 3854; x_wconf 85' lang='lat'>58‚68);</span> <span class='ocrx_word' id='word_1_292' title='bbox 1972 3809 2053 3820; x_wconf 87' lang='lat'><strong>—-</strong></span> <span class='ocrx_word' id='word_1_293' title='bbox 2096 3775 2171 3834; x_wconf 91' lang='lat' dir='ltr'><strong>de</strong></span> <span class='ocrx_word' id='word_1_294' title='bbox 2231 3772 2445 3834; x_wconf 89' lang='lat' dir='ltr'><strong>Iuliani</strong></span> <span class='ocrx_word' id='word_1_295' title='bbox 2500 3780 2693 3834; x_wconf 90' lang='lat' dir='ltr'><strong>morte</strong></span> <span class='ocrx_word' id='word_1_296' title='bbox 2748 3778 2995 3833; x_wconf 81' lang='lat' dir='ltr'><strong>cruenta</strong></span> 
     </span>
     <span class='ocr_line' id='line_1_34' title="bbox 763 3869 2995 3951; baseline -0.001 -19"><span class='ocrx_word' id='word_1_297' title='bbox 763 3874 915 3950; x_wconf 80' lang='lat' dir='ltr'><strong>(cap.</strong></span> <span class='ocrx_word' id='word_1_298' title='bbox 952 3870 1086 3950; x_wconf 84' lang='lat'>69);</span> <span class='ocrx_word' id='word_1_299' title='bbox 1131 3907 1211 3915; x_wconf 89' lang='lat'><strong>—-</strong></span> <span class='ocrx_word' id='word_1_300' title='bbox 1269 3869 1566 3951; x_wconf 88' lang='lat' dir='ltr'><strong>quidquid</strong></span> <span class='ocrx_word' id='word_1_301' title='bbox 1613 3871 1674 3932; x_wconf 92' lang='lat' dir='ltr'><strong>id</strong></span> <span class='ocrx_word' id='word_1_302' title='bbox 1724 3880 1815 3933; x_wconf 88' lang='lat' dir='ltr'><strong>est</strong></span> <span class='ocrx_word' id='word_1_303' title='bbox 1866 3892 1936 3933; x_wconf 82' lang='lat' dir='ltr'><strong>ex</strong></span> <span class='ocrx_word' id='word_1_304' title='bbox 1969 3871 2355 3950; x_wconf 72' lang='lat' dir='ltr'><strong>philostorgii</strong></span> <span class='ocrx_word' id='word_1_305' title='bbox 2404 3870 2663 3932; x_wconf 80' lang='lat' dir='ltr'><strong>Historia</strong></span> <span class='ocrx_word' id='word_1_306' title='bbox 2710 3871 2995 3930; x_wconf 88' lang='lat' dir='ltr'><strong>haustum</strong></span> 
     </span>
     <span class='ocr_line' id='line_1_35' title="bbox 758 3969 898 4030; baseline 0 -2"><span class='ocrx_word' id='word_1_307' title='bbox 758 3969 898 4030; x_wconf 83' lang='lat' dir='ltr'><strong>fuit.</strong></span> 
     </span>
    </p>
   </div>
   <div class='ocr_carea' id='block_1_8' title="bbox 757 4064 3001 4538">
    <p class='ocr_par' dir='ltr' id='par_1_8' title="bbox 757 4064 3001 4538">
     <span class='ocr_line' id='line_1_36' title="bbox 837 4064 2994 4147; baseline -0.002 -19"><span class='ocrx_word' id='word_1_308' title='bbox 837 4067 1025 4129; x_wconf 85' lang='lat' dir='ltr'><strong>Testis</strong></span> <span class='ocrx_word' id='word_1_309' title='bbox 1053 4074 1144 4129; x_wconf 87' lang='lat' dir='ltr'><strong>est</strong></span> <span class='ocrx_word' id='word_1_310' title='bbox 1181 4067 1518 4131; x_wconf 84' lang='lat' dir='ltr'><strong>differentia</strong></span> <span class='ocrx_word' id='word_1_311' title='bbox 1558 4087 1691 4147; x_wconf 83' lang='lat' dir='ltr'><strong>quae</strong></span> <span class='ocrx_word' id='word_1_312' title='bbox 1737 4069 1988 4129; x_wconf 83' lang='lat' dir='ltr'><strong>interest</strong></span> <span class='ocrx_word' id='word_1_313' title='bbox 2022 4068 2179 4128; x_wconf 87' lang='lat' dir='ltr'><strong>inter</strong></span> <span class='ocrx_word' id='word_1_314' title='bbox 2217 4086 2406 4146; x_wconf 84' lang='lat' dir='ltr'><strong>genus</strong></span> <span class='ocrx_word' id='word_1_315' title='bbox 2451 4065 2753 4128; x_wconf 82' lang='lat' dir='ltr'><strong>scribendi</strong></span> <span class='ocrx_word' id='word_1_316' title='bbox 2793 4064 2994 4127; x_wconf 88' lang='lat' dir='ltr'><strong>Ioanni</strong></span> 
     </span>
     <span class='ocr_line' id='line_1_37' title="bbox 757 4162 3001 4246; baseline -0 -21"><span class='ocrx_word' id='word_1_317' title='bbox 757 4167 1052 4227; x_wconf 81' lang='lat' dir='ltr'><strong>monacho</strong></span> <span class='ocrx_word' id='word_1_318' title='bbox 1086 4175 1440 4228; x_wconf 86' lang='lat' dir='ltr'><strong>consuetum</strong></span> <span class='ocrx_word' id='word_1_319' title='bbox 1468 4185 1538 4227; x_wconf 87' lang='lat' dir='ltr'><strong>ac</strong></span> <span class='ocrx_word' id='word_1_320' title='bbox 1576 4165 1887 4246; x_wconf 88' lang='lat' dir='ltr'><strong>proprium</strong></span> <span class='ocrx_word' id='word_1_321' title='bbox 1914 4172 1971 4226; x_wconf 89' lang='lat' dir='ltr'><strong>et</strong></span> <span class='ocrx_word' id='word_1_322' title='bbox 2004 4185 2195 4246; x_wconf 86' lang='lat' dir='ltr'><strong>genus</strong></span> <span class='ocrx_word' id='word_1_323' title='bbox 2230 4164 2531 4226; x_wconf 84' lang='lat' dir='ltr'><strong>scribendi</strong></span> <span class='ocrx_word' id='word_1_324' title='bbox 2569 4162 2729 4243; x_wconf 90' lang='lat' dir='ltr'><strong>quod</strong></span> <span class='ocrx_word' id='word_1_325' title='bbox 2758 4163 2819 4223; x_wconf 90' lang='lat' dir='ltr'><strong>in</strong></span> <span class='ocrx_word' id='word_1_326' title='bbox 2851 4181 3001 4243; x_wconf 84' lang='lat' dir='ltr'><strong>prae-</strong></span> 
     </span>
     <span class='ocr_line' id='line_1_38' title="bbox 757 4260 2998 4345; baseline -0.001 -23"><span class='ocrx_word' id='word_1_327' title='bbox 757 4263 936 4324; x_wconf 83' lang='lat' dir='ltr'><strong>dictis</strong></span> <span class='ocrx_word' id='word_1_328' title='bbox 967 4263 1118 4326; x_wconf 87' lang='lat' dir='ltr'><strong>locis</strong></span> <span class='ocrx_word' id='word_1_329' title='bbox 1152 4270 1477 4345; x_wconf 81' lang='lat' dir='ltr'><strong>comparet,</strong></span> <span class='ocrx_word' id='word_1_330' title='bbox 1513 4283 1652 4326; x_wconf 84' lang='lat' dir='ltr'><strong>oum</strong></span> <span class='ocrx_word' id='word_1_331' title='bbox 1681 4265 1799 4324; x_wconf 85' lang='lat' dir='ltr'><strong>hoc</strong></span> <span class='ocrx_word' id='word_1_332' title='bbox 1842 4263 2072 4324; x_wconf 87' lang='lat' dir='ltr'><strong>humile</strong></span> <span class='ocrx_word' id='word_1_333' title='bbox 2116 4263 2195 4324; x_wconf 88' lang='lat' dir='ltr'><strong>sit</strong></span> <span class='ocrx_word' id='word_1_334' title='bbox 2223 4269 2281 4324; x_wconf 95' lang='lat' dir='ltr'><strong>et</strong></span> <span class='ocrx_word' id='word_1_335' title='bbox 2311 4262 2632 4342; x_wconf 88' lang='lat' dir='ltr'><strong>prolixum,</strong></span> <span class='ocrx_word' id='word_1_336' title='bbox 2670 4260 2823 4322; x_wconf 90' lang='lat' dir='ltr'><strong>illud</strong></span> <span class='ocrx_word' id='word_1_337' title='bbox 2859 4280 2998 4321; x_wconf 87' lang='lat' dir='ltr'><strong>vero</strong></span> 
     </span>
     <span class='ocr_line' id='line_1_39' title="bbox 757 4357 3001 4442; baseline -0 -23"><span class='ocrx_word' id='word_1_338' title='bbox 757 4361 1023 4439; x_wconf 91' lang='lat' dir='ltr'><strong>phrasim</strong></span> <span class='ocrx_word' id='word_1_339' title='bbox 1069 4362 1367 4440; x_wconf 84' lang='lat' dir='ltr'><strong>comptius</strong></span> <span class='ocrx_word' id='word_1_340' title='bbox 1415 4368 1473 4422; x_wconf 91' lang='lat' dir='ltr'><strong>et</strong></span> <span class='ocrx_word' id='word_1_341' title='bbox 1510 4361 1700 4442; x_wconf 87' lang='lat' dir='ltr'><strong>magis</strong></span> <span class='ocrx_word' id='word_1_342' title='bbox 1739 4367 2015 4422; x_wconf 80' lang='lat' dir='ltr'><strong>coactum</strong></span> <span class='ocrx_word' id='word_1_343' title='bbox 2058 4361 2119 4420; x_wconf 88' lang='lat' dir='ltr'><strong>in</strong></span> <span class='ocrx_word' id='word_1_344' title='bbox 2169 4359 2504 4422; x_wconf 78' lang='lat' dir='ltr'><strong>sententiis,</strong></span> <span class='ocrx_word' id='word_1_345' title='bbox 2551 4358 2742 4420; x_wconf 86' lang='lat' dir='ltr'><strong>Testis</strong></span> <span class='ocrx_word' id='word_1_346' title='bbox 2787 4357 3001 4420; x_wconf 89' lang='lat' dir='ltr'><strong>melior</strong></span> 
     </span>
     <span class='ocr_line' id='line_1_40' title="bbox 759 4455 2997 4538; baseline -0.001 -20"><span class='ocrx_word' id='word_1_347' title='bbox 759 4458 938 4519; x_wconf 87' lang='lat' dir='ltr'><strong>etiam</strong></span> <span class='ocrx_word' id='word_1_348' title='bbox 973 4465 1064 4518; x_wconf 80' lang='lat' dir='ltr'><strong>est.</strong></span> <span class='ocrx_word' id='word_1_349' title='bbox 1111 4459 1348 4518; x_wconf 79' lang='lat' dir='ltr'><strong>collatio</strong></span> <span class='ocrx_word' id='word_1_350' title='bbox 1389 4467 1582 4520; x_wconf 67' lang='lat' dir='ltr'><strong>textus</strong></span> <span class='ocrx_word' id='word_1_351' title='bbox 1617 4458 1958 4538; x_wconf 82' lang='lat' dir='ltr'><strong>utriusque,</strong></span> <span class='ocrx_word' id='word_1_352' title='bbox 2001 4459 2162 4520; x_wconf 87' lang='lat' dir='ltr'><strong>unde</strong></span> <span class='ocrx_word' id='word_1_353' title='bbox 2202 4466 2447 4538; x_wconf 87' lang='lat' dir='ltr'><strong>apparet</strong></span> <span class='ocrx_word' id='word_1_354' title='bbox 2488 4455 2723 4519; x_wconf 88' lang='lat' dir='ltr'><strong>Ioannis</strong></span> <span class='ocrx_word' id='word_1_355' title='bbox 2773 4462 2997 4518; x_wconf 80' lang='lat' dir='ltr'><strong>textum</strong></span> 
     </span>
    </p>
   </div>
   <div class='ocr_carea' id='block_1_9' title="bbox 3427 43 3455 1125">
    <p class='ocr_par' dir='ltr' id='par_1_9' title="bbox 3427 0 3455 1125">
     <span class='ocr_line' id='line_1_41' title="bbox 3427 43 3455 1125; textangle 90"><span class='ocrx_word' id='word_1_356' title='bbox 3427 406 3455 1125; x_wconf 19' lang='lat' dir='ltr'><strong>ssmg—Q-h-</strong></span> <span class='ocrx_word' id='word_1_357' title='bbox 3452 43 3454 393; x_wconf 91' lang='lat'><strong>—</strong></span> 
     </span>
    </p>
   </div>
   <div class='ocr_carea' id='block_1_10' title="bbox 3453 1128 3456 2385">
    <p class='ocr_par' dir='ltr' id='par_1_10' title="bbox 3453 1128 3456 2385">
     <span class='ocr_line' id='line_1_42' title="bbox 3453 1128 3456 2385; baseline 0 0"><span class='ocrx_word' id='word_1_358' title='bbox 3453 1128 3456 2385; x_wconf 95' lang='lat' dir='ltr'><strong> </strong></span> 
     </span>
    </p>
   </div>
  </div>
 </body>
</html>
