3484 5650
1165 674 1536 733 outasnousss
1568 659 2095 723 runosroacum.
2681 673 2739 721 57

509 792 778 853 bantur¹.
811 789 1112 852 Artemius
1159 790 1270 851 iste
1307 790 1370 851 in
1402 788 1726 868 Menologio
1772 788 2065 850 Basiliano
2102 788 2218 868 (ΙΧ·1
2258 788 2423 867 saec.)
2469 788 2744 851 thauma-

510 890 668 971 turgi
722 890 909 950 immo
972 888 1251 969 martyris
1315 886 1670 968 cognomine
1744 885 2098 948 decoratur:
2160 892 2219 947 at
2302 886 2743 967 antiquioribus

507 986 950 1069 martyrologiis
1001 1005 1247 1065 prorsus
1304 986 1633 1066 ignoratur.
1688 983 1831 1045 Eius
1888 984 2137 1064 insuper
2196 984 2530 1045 sanctitatis
2588 986 2743 1046 fama

510 1085 755 1166 antiqua
800 1084 922 1146 dici
966 1084 1210 1163 nequit:
1240 1083 1534 1163 templum
1583 1082 1744 1143 enim
1795 1080 2027 1142 dictum
2064 1081 2260 1142 Sancti
2302 1082 2549 1143 Artemii
2586 1103 2749 1145 erec-

510 1190 640 1244 tum
686 1188 856 1243 antea
904 1181 1100 1243 fuerat
1145 1181 1321 1243 titulo
1363 1180 1561 1242 Sancti
1607 1178 1841 1241 loannis
1888 1178 2276 1240 Praecursoris
2318 1180 2392 1242 ab
2438 1182 2746 1244 Anastasio

510 1280 769 1359 quodam
809 1279 1020 1341 Dicoro
1067 1287 1125 1340 et
1165 1279 1271 1341 ubi
1316 1278 1658 1341 Anastasius
1700 1277 1813 1337 iste
1862 1296 1888 1336 «
1932 1296 2071 1337 cum
2106 1280 2514 1356 protosecretis
2548 1279 2747 1341 adhuc

507 1383 667 1440 esset
707 1398 734 1437 »
803 1376 1114 1447 habitavit,
1158 1382 1228 1437 ut
1270 1377 1454 1437 refert
1497 1374 1787 1454 Georgius
1836 1373 2123 1444 Codinus;
2176 1394 2202 1433 «
2247 1382 2563 1455 postquam
2604 1397 2747 1439 vero

509 1474 779 1556 reliquiae
800 1474 990 1536 sancti
1019 1474 1265 1535 Artemii
1296 1492 1365 1535 eo
1389 1473 1690 1534 translatae
1707 1472 1898 1541 fuere,
1918 1490 2135 1532 nomen
2158 1472 2289 1533 eius
2313 1475 2501 1535 sancti
2522 1466 2745 1557 templo

509 1580 599 1635 est
660 1572 1069 1653 impositum².
1147 1592 1174 1632 »
1236 1571 1585 1633 Anastasius
1641 1569 1741 1631 ille
1800 1570 2046 1631 Dicorus
2101 1569 2342 1632 aliunde
2397 1573 2744 1653 ignoratum

508 1670 776 1732 officium
825 1688 966 1731 vero
1021 1679 1118 1729 τοῦ
1173 1668 1584 1747 ρνοταεεσνειίε
1627 1686 1746 1727 non
1791 1668 2011 1729 saeculo
2064 1674 2227 1728 sexto
2282 1667 2451 1747 prius
2510 1689 2749 1751 compa-

507 1767 703 1830 ruisse
732 1768 992 1829 libenter
1015 1765 1398 1828 crediderim.
1435 1766 1674 1827 Festum
1708 1765 1967 1844 denique
1994 1764 2238 1826 Artemii
2270 1765 2446 1827 istius
2470 1768 2749 1851 martyris

509 1866 572 1927 in
613 1866 941 1946 Menologio
982 1865 1276 1927 Basiliano
1314 1862 1682 1925 adscribitur
1726 1862 1846 1923 diei
1899 1863 2160 1924 octobris
2205 1863 2517 1943 vigesimo,
2566 1886 2746 1946 quem

507 1965 695 2026 fuisse
744 1963 1217 2025 anniversarium
1277 1962 1686 2024 encaeniorum
1734 1960 2134 2023 Anastasianae
2178 1961 2441 2025 basilicae
2485 1962 2749 2026 libenter

508 2063 687 2125 etiam
740 2060 1122 2123 crediderim.
1169 2061 1331 2124 Idem
1381 2059 1530 2121 illud
1578 2059 1973 2138 Menologium
2029 2058 2212 2120 refert
2259 2061 2588 2123 Artemium
2633 2063 2745 2124 sub

509 2160 736 2223 Iuliano
787 2159 1117 2221 Antiochiae
1164 2158 1350 2220 fuisse
1395 2158 1681 2239 martyrio
1729 2163 2115 2218 coronatum:
2167 2157 2328 2236 quod
2380 2159 2623 2239 quidem
2665 2160 2746 2222 ita

508 2265 802 2339 repugnat
835 2257 1114 2319 lulianeae
1159 2256 1426 2317 historiae
1474 2262 1562 2316 sat
1608 2255 1761 2316 bene
1806 2262 1983 2325 notae,
2032 2263 2099 2316 ut
2148 2256 2482 2318 affirmandi
2530 2258 2746 2320 merito

508 2356 678 2437 copia
700 2354 878 2417 detur
909 2355 1109 2415 locum
1140 2361 1494 2434 tempusque
1522 2352 1791 2433 martyrii
1823 2371 2069 2432 prorsus
2100 2352 2384 2433 ignorari.

585 2453 649 2514 ln
691 2452 951 2515 Artemio
999 2459 1200 2512 autem
1245 2453 1666 2531 thaumaturgo
1710 2450 1900 2529 pietas
1952 2469 2147 2529 graeca
2189 2451 2264 2512 ad
2303 2452 2567 2514 fabulam
2607 2473 2750 2515 con-

513 2569 676 2611 versa
723 2557 831 2610 est.
873 2549 1067 2609 Finxit
1117 2548 1278 2609 enim
1324 2549 1570 2627 quidam
1629 2548 1963 2610 Artemium
2012 2548 2195 2609 istum
2252 2549 2747 2631 thaumaturgum

510 2667 626 2709 non
661 2645 848 2708 alium
878 2666 1008 2708 esse
1037 2666 1107 2709 ac
1129 2647 1465 2709 Artemium
1499 2646 1735 2707 ducem.
1770 2645 1990 2707 Deinde
2021 2644 2141 2707 dux
2166 2646 2265 2706 ille
2295 2647 2548 2727 AEgypti‚
2582 2650 2745 2709 omni

510 2745 804 2806 haereseos
834 2744 966 2805 labe
1006 2752 1319 2825 purgatuS,
1367 2744 1429 2803 in
1472 2750 1814 2805 sanctorum
1860 2762 2149 2805 canonem
2196 2744 2417 2805 relatus
2460 2752 2569 2806 est.
2620 2748 2745 2817 Quo

511 2861 708 2905 rerum
729 2851 996 2923 tempore
1026 2843 1223 2904 fabula
1251 2845 1379 2904 haec
1413 2850 1539 2903 orta
1561 2843 1638 2903 sit
1670 2842 1931 2904 breviter
1963 2841 2183 2904 dicam.

583 2943 670 3003 Ab
690 2941 925 3002 Arianis
949 2942 1243 3021 originem
1275 2961 1390 3002 non
1419 2940 1620 3002 traxit.
1649 2941 1990 3022 Anonymus
2011 2940 2273 3012 arianuS‚
2302 2942 2477 3003 cuius
2499 2943 2749 3023 vestigia

509 3041 570 3100 in
600 3039 888 3104 Chronico
917 3039 1206 3118 paschali,
1240 3039 1314 3100 de
1346 3039 1611 3100 Artemio
1645 3040 1774 3100 haec
1802 3038 1981 3100 refert
2012 3059 2025 3098 ε
2083 3041 2371 3121 ’Λρτὲμιος
2408 3042 2466 3099 δὲ
2507 3040 2628 3110 δοὺξ
2671 3042 2747 3101 ὢν

508 3147 608 3216 τῆς
656 3139 779 3197 κατ’
838 3139 1116 3218 Αἴγυπτον
1173 3139 1508 3217 διοικήσεως,
1569 3138 1859 3216 ἐπειδήπερ
1904 3139 1958 3196 ἐν
2005 3146 2120 3204 τοῖς
2167 3146 2373 3219 καιροῖς
2424 3147 2526 3215 τῆς
2582 3137 2748 3198 αὐτοῦ

510 3232 685 3318 ἀρχῆς
741 3234 827 3295 ἐπὶ
889 3245 986 3295 τοῦ
1048 3240 1351 3316 μακαρίτου
1411 3239 1797 3296 Κωνσταντίου
1844 3244 1942 3294 τοῦ
2000 3232 2299 3313 αὗγούστου
2360 3235 2526 3313 ζῆλον
2578 3234 2749 3295 πολὺν

510 3335 640 3415 ὑπὲρ
683 3345 794 3393 τῶν
836 3335 1139 3412 ἐκκλησιῶν
1184 3331 1501 3404 ἐνεδείξατο,
1557 3335 1611 3390 ἐν
1648 3342 1722 3416 τῇ
1775 3331 2173 3415 Ἀλεξανδρέων
2214 3334 2484 3412 ἐδημεύθη
2512 3331 2603 3391 καὶ
2641 3331 2747 3413 τὴν

509 3431 751 3514 κεφαλὴν
783 3427 1103 3511 ἀπετμήθη,
1136 3435 1646 3510 μνησικακήσαντος
1699 3429 1864 3489 αὐτὸν
1914 3438 2012 3488 τοῦ
2071 3431 2426 3490 ’lemavos-⁷0.
2470 3431 2751 3492 Constan-

510 3529 633 3590 tius
660 3534 962 3610 μακκρίτης
991 3528 1093 3588 hic
1115 3527 1361 3598 dicitur,
1398 3527 1608 3607 etipse
1627 3528 1931 3588 Artemius
1949 3533 2192 3607 propter
2220 3528 2383 3605 ζῆλον
2416 3527 2585 3588 πολὺν
2615 3527 2747 3610 ὑπὲρ

509 3639 618 3687 τῶν
648 3629 950 3705 ἐκκλησιων
981 3624 1314 3687 extollitur!
1351 3625 1462 3686 Sed
1487 3625 1791 3688 Artemius
1824 3625 1934 3686 iste
1969 3645 2080 3686 nec
2106 3632 2349 3687 sanctus
2382 3618 2493 3687 nec
2518 3632 2747 3707 martyr

510 3724 892 3804 praedicatur.

585 3823 785 3902 Neque
829 3821 903 3882 ab
947 3822 1212 3902 antiquis
1247 3821 1468 3882 nostris
1511 3839 1712 3881 rerum
1759 3821 2303 3883 ecclesiasticarum
2351 3821 2748 3902 scriptoribus

509 3920 707 3981 fabula
753 3920 987 4000 vulgata
1050 3927 1159 3981 est.
1205 3920 1505 3982 Artemius
1568 3919 1708 3995 dux,
1775 3919 2130 3980 nominatim
2178 3919 2447 3999 quidem,
2495 3921 2570 3981 ab
2626 3939 2747 3980 uno

509 4016 874 4080 Theodoreto
927 4025 1327 4080 memoratur:
1392 4017 1682 4098 Ἀρτέμιον
1739 4018 1818 4086 δέ,
1876 4017 2097 4096 inquit,
2149 4025 2454 4098 στρατηγὸς
2496 4019 2552 4076 δὲ
2594 4016 2751 4084 οὗτος

508 4128 618 4175 τῶν
685 4118 739 4175 ἐν
795 4115 1061 4199 Αἰγύπτῳ
1113 4127 1415 4177 στκτιοτῶν
1476 4118 1730 4196 ἐγεγόνει,
1789 4113 1974 4192 ἐπειδὴ
2046 4116 2279 4174 πλεῖσται
2345 4126 2455 4173 τῶν
2508 4114 2747 4173 εἰδώλων

571 4384 616 4432 1.
654 4384 725 4433 lta
753 4384 974 4433 Basilius
1003 4383 1126 4448 imp.
1165 4384 1218 4432 in
1248 4382 1530 4448 Menoloqio
1561 4382 1639 4446 (⁶20
1668 4383 1806 4446 oct.).

574 4455 623 4503 2.
657 4453 853 4510 nodia„
883 4468 930 4518 p.
957 4453 1019 4504 90
1048 4453 1144 4518 (ed.
1178 4456 1374 4519 Bonu.).

573 4525 619 4573 5.
657 4525 835 4575 (Ilaron.
867 4541 1031 4590 paca,
1062 4541 1089 4575 c
1111 4527 1138 4572 Ι.
1169 4527 1344 4581 Bonn.‚
1378 4525 1416 4578 1.
1447 4525 1555 4574 549.
