3484 5650
1138 633 1505 692 QUAESTIONES
1540 630 2068 684 PIIILOSTORGIANAE.
2665 633 2729 680 55

486 770 613 812 sem
662 757 997 812 correctum
1036 770 1145 831 ope
1187 751 1517 812 lectionum
1559 748 2021 812 Scorialensium
2074 756 2132 808 et
2177 748 2724 810 Bochartianarum.

490 847 651 909 Unde
672 848 761 909 sic
794 848 1037 910 brevius
1065 855 1155 909 est
1188 849 1251 908 in
1280 850 1583 910 schemate
1618 868 1633 907 ε

1588 1033 1627 1070 ΖΒ

1122 1108 1219 1188 ,stx'
1261 1095 1901 1123 -xs„l
1985 1130 2054 1183 0¹

1181 1213 1191 1311 Ι
1791 1245 1865 1298 0³
2162 1216 2252 1297 οἱ

1162 1329 1233 1382 γί

1066 1603 1135 1656 W
1171 1626 1243 1653 Ξ
1278 1603 1425 1658 Edit.
1458 1602 1792 1658 Genevemis.

899 1683 969 1737 Y*
993 1690 1050 1748 -ξ-
1078 1683 1147 1737 0³
1172 1691 1229 1748 ÷
1273 1681 1417 1738 Edit.
1451 1682 1764 1740 Genevensis
1792 1706 1863 1733 z
1893 1682 2070 1738 Editio
2107 1681 2404 1738 Vale-sinna.

571 1915 766 1976 Editio
795 1913 985 1994 igitur
1020 1915 1252 1986 critica,
1286 1916 1337 1976 si
1373 1934 1489 1995 qua
1520 1915 1722 1976 futura
1748 1923 1839 1976 est
1867 1914 2156 1994 epitomes
2189 1915 2486 1979 Photianae
2525 1918 2584 1976 ἐκ
2625 1928 2736 1976 τῶν

493 2011 892 2092 Philostorgii,
916 2012 1245 2074 haurienda
1270 2013 1393 2074 erit
1424 2014 1547 2074 fere
1575 2019 1697 2075 tota
1715 2032 1749 2074 e
1777 2012 1985 2075 codice
2015 2012 2329 2074 Oxoniensi
2355 2013 2733 2083 Barocciano,

496 2129 614 2171 non
653 2110 972 2171 insalutato
1021 2116 1217 2173 tamen
1260 2110 1470 2173 codice
1517 2111 1917 2173 Bessarioneo.
1963 2113 2083 2191 Ego
2118 2131 2277 2182 vero,
2329 2110 2560 2173 collatis
2603 2117 2737 2172 tum

493 2208 846 2270 Barocciano
878 2214 1007 2268 tum
1056 2209 1435 2271 Bessarioneo
1478 2209 1813 2280 codicibus,
1857 2209 2094 2270 nonnisi
2129 2209 2432 2271 mediocre
2463 2209 2738 2272 bravium

496 2305 711 2367 editori
738 2306 941 2367 futuro
966 2306 1256 2387 spondere
1285 2314 1529 2387 paratus
1558 2327 1715 2369 sum.

576 2403 709 2466 Haec
735 2404 810 2465 de
842 2403 1049 2466 Photio
1083 2404 1441 2485 patriarcha.
1473 2405 1559 2468 Ad
1590 2407 1870 2468 Ioannem
1903 2404 2265 2468 monachum
2299 2405 2492 2466 venio.

576 3039 734 3099 Inter
780 3044 908 3099 acta
956 3037 1187 3098 diversa
1235 3044 1581 3098 sanctorum
1626 3056 1758 3117 quae
1807 3038 2217 3118 Metaphrastis
2269 3039 2511 3100 nomine
2567 3041 2743 3105 deco-

498 3136 615 3197 rari
650 3136 840 3197 solent
881 3141 1038 3195 extat
1070 3135 1430 3217 Martyrium
1468 3136 1665 3195 sancti
1702 3143 1762 3195 et
1804 3137 2014 3217 maqm'
2059 3137 2350 3207 Artemii,
2397 3138 2558 3215 quod
2600 3139 2740 3218 qui-

496 3234 633 3295 dem
662 3232 1140 3313 manuscriptum
1175 3233 1238 3294 in
1281 3233 1667 3294 bibliothecis
1714 3233 2000 3313 frequens
2038 3240 2149 3303 est,
2197 3232 2557 3314 impressum
2600 3255 2740 3298 vero

495 3330 716 3411 prodiit
756 3350 946 3411 graece
989 3331 1146 3411 apud
1184 3331 1529 3410 Mignium¹.
1564 3330 1717 3392 Illud
1759 3335 1986 3411 πόνημα
2026 3331 2547 3411 Metaphrasticum
2582 3333 2741 3396 inci-

496 3429 585 3510 pit
636 3428 697 3489 in
748 3428 895 3489 his:
954 3428 1116 3489 Μετὰ
1169 3428 1275 3509 τὴν
1328 3440 1440 3505 τοῦ,
1476 3434 1660 3510 κυρίου
1710 3427 1801 3487 καὶ
1855 3439 2104 3513 σωτῆρος
2153 3432 2314 3509 ἡμῶν
2357 3430 2432 3498 εἷς
2486 3430 2741 3513 οὐρανοὺς

497 3523 788 3609 ἀνάληψιν.

430 3699 435 3703 ,
572 3624 928 3688 Praedictum
974 3644 1114 3687 vero
1160 3625 1534 3705 martyrium,
1575 3632 1642 3687 ut
1688 3644 1820 3686 mos
1862 3632 1958 3687 est·
2006 3626 2494 3707 MetaphrasticiS,
2546 3635 2737 3705 totum

494 3724 777 3785 haustum
811 3723 926 3784 fuit
966 3743 1037 3783 ex
1078 3724 1227 3785 actis
1252 3723 1616 3803 quibusdam
1650 3722 2116 3804 antiquioribuS,
2160 3743 2292 3805 quae
2348 3745 2509 3787 nunc
2559 3726 2739 3789 etiam

452 3831 459 3836 ’
495 3828 860 3902 comparent,
908 3839 1158 3901 quaeque
1202 3840 1389 3902 graece
1433 3821 1672 3903 vulgata
1704 3829 1846 3883 sunt
1889 3841 1922 3883 a
1971 3822 2030 3883 b.
2068 3842 2152 3883 m.
2187 3823 2412 3903 Angelo
2453 3824 2740 3887 cardinali

496 3919 695 3981 Maio².
724 3920 861 3982 Haec
880 3925 1012 3980 acta
1038 3919 1338 4000 incipiunt
1363 3919 1423 3979 in
1456 3920 1589 3980 his:
1629 3918 1718 3980 Τὰ
1737 3930 1836 3980 τοῦ
1857 3921 2095 4000 μεγάλου
2115 3918 2206 3980 καὶ
2237 3920 2444 3991 ἐνδόξου
2476 3922 2745 4003 μάρτυρος

506 4020 798 4099 Ἀρτεμίου
855 4020 1178 4097 διηγεῖσθαι.
1243 4017 1507 4078 Titulum
1553 4036 1693 4078 vero
1749 4036 1872 4098 prae
1938 4037 2000 4078 se
2061 4019 2261 4080 serunt
2317 4026 2666 4097 sequentem
2723 4042 2737 4079 ε

508 4117 847 4195 ’Υπόμνημαι
889 4117 1059 4196 ἤγουν
1098 4114 1353 4196 ἐξήγησις
1398 4124 1495 4175 τοῦ
1542 4114 1697 4195 ἁγίου
1747 4114 1837 4174 καὶ
1878 4114 2088 4184 ἐνδόξου
2135 4117 2611 4197 μεγαλομάρτυρος
2649 4116 2740 4177 καὶ

562 4345 610 4394 1.
648 4346 697 4393 Ρ.
724 4345 799 4400 G..
831 4345 956 4401 CXV,
987 4344 1285 4395 1160-1212.

564 4415 614 4471 2.
646 4415 980 4481 Spicileqium
1001 4431 1267 4465 romanum
1291 4415 1469 4480 (¹840),
1492 4421 1528 4465 t.
1553 4416 1603 4473 V,
1625 4430 1674 4480 p.
1697 4416 1808 4466 540.
1831 4416 2096 4467 Transie're
2119 4417 2236 4467 inde
2262 4417 2314 4467 in
2348 4418 2606 4478 Bolland.,
2633 4425 2752 4472 Acte

508 4492 801 4536 sanctorum
831 4488 1066 4543 octobris,
1096 4487 1217 4545 vm,
1250 4487 1357 4536 856.
