3484 5650
1163 1114 2053 1228 QUAESTIONES

654 1382 2587 1595 PHILOSTORGIANAE

1589 2027 1658 2119 ΙΙ

568 2267 941 2330 'Alexandriae
968 2266 1139 2327 Arius
1164 2265 1523 2327 sententiam
1546 2285 1715 2326 suam
1740 2266 1935 2345 primo
1957 2274 2269 2345 aperuerat
2292 2266 2379 2347 (A.
2399 2267 2513 2327 518
2538 2268 2737 2344 circ.).

502 2370 627 2430 Mox
682 2385 821 2427 vero
875 2383 1187 2444 repressus
1244 2365 1318 2425 ab
1362 2363 1731 2425 Alexandriae
1789 2363 2101 2444 episcopm
2153 2365 2470 2426 damnatus
2527 2367 2742 2427 deinde

505 2485 539 2528 a
583 2465 807 2546 synodo
840 2464 1075 2524 Nicaena
1114 2463 1202 2541 (Α.
1240 2461 1409 2540 525),
1462 2461 1524 2521 in
1573 2479 1692 2541 qua
1731 2463 2106 2542 promulgata
2153 2463 2268 2524 fuit
2305 2463 2454 2524 fides
2493 2483 2626 2543 quae
2669 2465 2745 2525 de

506 2563 790 2628 Trinitate
812 2581 881 2622 ex
911 2560 1230 2621 traditione
1249 2559 1584 2620 habebatur
1612 2567 1742 2620 tum
1775 2548 2142 2620 Alexandria}
2173 2567 2302 2621 tum
2329 2562 2548 2622 Romae.
2574 2563 2747 2623 Vide-

506 2662 650 2740 licet
686 2665 1051 2734 censuerunt
1085 2664 1285 2737 patres
1318 2657 1539 2718 Nicaeni
1569 2657 1826 2718 Verbum
1863 2675 1980 2718 non
2014 2657 2133 2718 dici
2172 2676 2345 2736 posse
2374 2667 2593 2719 κτιστὸν
2638 2679 2744 2720 seu

508 2767 799 2831 creatum,
830 2775 941 2817 nec
984 2756 1104 2817 dici
1134 2773 1308 2836 posse
1351 2755 1671 2835 aliquando
1702 2773 1820 2815 non
1856 2755 2064 2827 fuisse,
2100 2773 2208 2815 nec
2247 2755 2367 2816 dici
2407 2773 2580 2836 posse
2610 2776 2749 2837 pro-

508 2858 717 2920 cedere
768 2876 837 2919 ex
877 2856 992 2917 alia
1044 2854 1374 2915 substantia
1418 2853 1615 2933 (οὐσία)
1666 2873 1733 2915 ac
1783 2854 1882 2914 Dei
1934 2855 2288 2915 substantia.
2332 2855 2404 2916 Et
2451 2856 2579 2917 haec
2621 2862 2746 2917 erat

508 2956 750 3035 antiqua
783 2954 931 3017 fides
964 2953 1233 3014 ecclesiae
1260 2953 1537 3013 Romanae
1568 2959 1625 3011 et
1656 2952 1928 3013 ecclesiae
1957 2953 2422 3013 Alexandrinae2.

588 3055 664 3114 Ea
708 3052 997 3113 sententia
1034 3052 1173 3120 lata,
1214 3069 1393 3111 causa
1431 3050 1597 3111 finita
1626 3050 1965 3111 videbatur.
2001 3056 2068 3111 At
2110 3050 2430 3113 interillos
2469 3050 2750 3114 CCCXVIII

508 3158 705 3231 patres
729 3152 1019 3221 Nicaenos,
1042 3149 1245 3231 plures
1273 3148 1525 3208 Nicoenae
1550 3148 1862 3209 sententiae
1887 3148 2375 3229 subscripserant
2400 3169 2509 3211 nec
2539 3158 2750 3229 sponte

511 3269 617 3311 sua
646 3267 757 3309 nec
786 3248 1020 3309 sincero
1050 3265 1368 3309 consensu.
1406 3248 1640 3307 Peracta
1669 3246 1858 3325 igitur
1879 3248 2128 3326 syn0d0,
2154 3248 2252 3307 cui
2280 3247 2524 3326 quidem
2549 3256 2751 3327 aperte

511 3366 818 3428 nunquam
846 3346 976 3407 ausi
1010 3352 1150 3407 sunt
1174 3344 1606 3419 contradicere,
1642 3345 1904 3425 episcopi
1933 3346 2114 3425 Syriae
2144 3352 2203 3407 et
2235 3346 2382 3407 Asiae
2412 3346 2663 3408 minoris
2696 3355 2757 3409 et

512 3444 873 3507 Thraciae·in
919 3463 1102 3505 unam
1146 3451 1374 3522 partem
1417 3442 1579 3503 coire
1632 3450 1964 3522 coeperunt,
2007 3444 2161 3505 duce
2189 3443 2446 3505 Eusebio
2485 3445 2758 3507 Nicome-

513 3543 705 3604 diensi
753 3542 1060 3621 episcopm
1110 3547 1517 3603 convenerunt
1559 3542 1778 3621 Tyrum
1833 3548 1892 3601 et
1938 3541 2374 3623 Hierosolymas
2421 3542 2607 3623 (555),
2641 3546 2758 3604 An-

513 3640 799 3702 tiochiam
833 3640 1025 3721 (541),
1064 3639 1369 3701 Sardicam
1399 3638 1589 3717 (545),
1610 3638 2046 3719 depositionem
2065 3640 2370 3701 Athanasii
2393 3642 2756 3703 Alexandriae

513 3739 777 3819 episcopi
814 3739 1189 3818 requirentes
1234 3738 1627 3817 simulatque
1667 3738 2006 3817 symbolum
2033 3738 2172 3798 fidei
2218 3740 2486 3819 symbolo
2515 3740 2756 3801 Nicaeno

512 3836 1025 3906 substituendum,
1065 3835 1331 3916 symbolo
1371 3835 1609 3897 Nicaeno
1662 3854 1780 3895 non
1825 3836 2200 3897 contrarium
2239 3837 2508 3916 quidem,
2543 3837 2648 3898 sed
2693 3838 2756 3898 in

569 4042 615 4090 1.
652 4040 979 4103 philostorgii
1009 4046 1200 4089 textum
1229 4040 1383 4089 habes
1412 4040 1717 4102 impressum
1747 4040 1878 4103 apud
1911 4041 2092 4103 migne,
2127 4041 2392 4105 Patr-0109.
2423 4058 2506 4105 qr.
2550 4048 2586 4091 t.
2631 4044 2759 4099 LXV,

512 4114 605 4162 col.
634 4112 861 4161 459-638.
895 4114 1192 4174 Fragmenta
1223 4111 1499 4160 novissime
1528 4126 1556 4159 a
1587 4126 1667 4161 me
1691 4112 1952 4173 recognita
1987 4112 2212 4174 reperies
2242 4112 2296 4160 in
2339 4113 2498 4161 diario
2534 4127 2761 4170 roman0,

513 4182 775 4233 Romi-seha
806 4182 1237 4244 Quarta-schrift,
1267 4196 1399 4230 anno
1428 4183 1569 4235 1889,
1615 4197 1727 4245 pag.
1775 4183 2002 4253 258-286.
2047 4184 2114 4233 De
2159 4183 2478 4245 philostorgii
2521 4190 2666 4232 aetate
2713 4191 2763 4233 et

514 4255 744 4303 doctrina
784 4268 983 4304 mecum
1012 4255 1246 4303 consulas
1274 4252 1423 4302 velim
1453 4254 1502 4302 L.
1536 4254 1815 4309 Duchesue,
1855 4253 2084 4318 L'quise
2121 4252 2352 4303 d'Orient
2389 4254 2453 4301 de
2488 4254 2765 4303 Diocletien

517 4328 549 4373 ὰ
574 4324 837 4383 mahomet,
877 4325 995 4373 1881
1032 4325 1101 4388 (in
1132 4324 1295 4373 diario
1323 4324 1563 4386 parisino,
1600 4327 1765 4375 Revue
1799 4325 1869 4373 du
1906 4324 2084 4373 monde
2113 4325 2431 4389 Catholique.
2473 4340 2588 4375 ann.
2621 4327 2763 4391 cit.);

517 4396 602 4445 Ad.
634 4397 876 4448 llarnack.
911 4395 1435 4460 Doqmenqeschichte,
1462 4400 1498 4443 t.
1532 4397 1593 4449 ΙΙ,
1626 4397 1704 4445 ed.
1736 4396 1806 4452 2⁰,
1838 4396 1982 4458 1888,
2011 4410 2126 4459 pag.
2166 4396 2400 4455 182-275;
2433 4399 2488 4447 11.
2521 4398 2766 4452 Gwatkin‚

516 4467 719 4517 Studies
746 4469 811 4531 of
839 4468 1117 4520 Arianism.
1145 4467 1269 4516 1882
1298 4473 1349 4515 et
1380 4468 1481 4516 The
1508 4467 2038 4531 Arion-controversy,
2065 4468 2205 4520 1889.

581 4540 625 4586 2.
656 4540 931 4594 Duchesne,
964 4529 1186 4603 L’E’qlise
1219 4537 1445 4587 d'Orient
1473 4538 1535 4586 de
1568 4538 1839 4586 Diocletim
1866 4542 1897 4587 ὰ
1925 4540 2172 4589 Maltomel
2197 4541 2380 4603 (1881),
2407 4556 2455 4604 p.
2489 4542 2565 4591 21.
