3484 5650
712 615 778 663 58
1371 612 1742 671 QUAESTIONES
1773 611 2305 676 PHILOSTORGIANAE.

719 732 1005 813 συνέτριψε
1056 728 1160 811 τὴν
1199 724 1378 811 ἀρχὴν
1437 730 1648 807 ἐκείνην
1701 729 1757 788 ἐν
1800 736 1915 795 τοῖς
1960 732 2343 803 Κωνσταντίου
2390 732 2602 811 χρόνοις
2646 730 2861 813 λαχών,
2892 731 2955 792 οὗ

719 832 880 907 μόνον
909 840 1019 887 τῶν
1062 830 1233 887 ὄντων
1263 824 1576 910 [lulianus]
1615 827 1946 905 ἐγύμνωσεν,
1984 822 2236 885 ἀλλὰκαὶ
2265 834 2367 904 τῆς
2395 829 2636 908 κεφαλῆς
2667 834 2731 888 τὸ
2768 830 2957 889 λοιπὸν

718 927 973 1006 ἐστέρησε
1004 938 1184 1005 σῶμα.
1219 929 1412 986 Ταῦτα
1448 923 1538 984 καὶ
1581 921 1652 983 τὰ
1692 934 1923 984 τοιαῦτα
1973 924 2219 1003 δέδρακεν
2254 929 2281 982 δ
2312 928 2625 1003 πραόταπος
2666 924 2758 985 καὶ
2790 926 2958 1009 ὀργῆς

715 1025 1140 1104 ἐγκρατέστατος
1201 1022 1348 1103 παρα
1423 1034 1534 1081 τῶν
1595 1019 1997 1081 δυσσεὸοὖντων
2067 1021 2524 1100 ὀνομαζόμενοςίῑ
2585 1022 2955 1085 Tlleodoreto

717 1140 954 1201 nempe,
985 1120 1287 1182 Artemius
1318 1120 1546 1195 Iuliano
1577 1126 1861 1199 apostatae
1890 1118 2135 1180 odiosus
2163 1118 2430 1179 extitisse
2453 1120 2694 1181 videtur
2714 1129 2958 1202 propter

717 1218 1200 1289 idolomachiam,
1243 1226 1303 1279 et
1339 1204 1473 1279 ideo
1516 1218 1706 1279 fuisse
1750 1216 1942 1296 capite
1980 1216 2346 1277 diminutum
2388 1236 2423 1278 a
2462 1217 2735 1299 principe
2776 1237 2957 1299 quom

717 1316 1108 1378 mitissimum
1146 1316 1404 1378 Gentiles
1445 1315 1873 1396 praedicabant.
1924 1314 2103 1394 Atqui
2147 1332 2221 1373 ne
2251 1313 2313 1374 in
2366 1314 2482 1375 hoc
2527 1316 2649 1376 ulla
2686 1316 2956 1399 martyrii

718 1414 942 1475 mentio
994 1414 1081 1475 fit.
1131 1448 1213 1458 —
1262 1414 1650 1493 Theophanes
1693 1412 2215 1491 chronographuS,
2261 1411 2367 1491 qui
2418 1431 2573 1473 anno
2626 1412 2740 1473 818
2781 1414 2953 1481 obiit,

716 1511 790 1571 de
833 1512 1098 1573 Artemio
1143 1512 1271 1591 ipsa
1309 1511 1587 1574 Chronici
1620 1510 1923 1589 paschalis
1968 1509 2149 1570 verba
2193 1510 2455 1570 recitat:
2498 1512 2786 1592 Ἀρτὲμιός
2832 1536 2893 1571 τε
2928 1518 2957 1571 'o

719 1608 840 1678 δοὺξ
888 1619 989 1687 τῆς
1017 1612 1140 1673 κατ’
1172 1610 1450 1689 Αἴγυπτον
1493 1611 1831 1689 διοικήσεως,
1872 1605 2091 1686 inquit,
2125 1609 2414 1688 ἐπειδήπερ
2457 1607 2544 1667 ἐπὶ
2576 1612 2957 1670 Κωνσταντίου

718 1710 882 1785 ζῆλον
925 1706 1094 1767 πολὺν
1143 1706 1286 1766 κατὰ
1330 1718 1441 1766 τῶν
1493 1706 1730 1766 εἰδώλων
1780 1704 2097 1775 ἐνεδείξατο,
2156 1706 2211 1765 ἐν
2262 1705 2638 1787 Ἀλεξανδρείᾳ
2684 1708 2957 1787 ἐδημεύθη

718 1804 822 1887 τὴν
879 1804 1122 1885 κεφαλὴν
1171 1801 1526 1884 ἀποτμηθείς.
1592 1804 1984 1883 Theophanes
2024 1803 2303 1865 videlicet
2359 1804 2691 1866 Artemium
2740 1804 2957 1867 ducem

717 1910 989 1967 autumat
1048 1903 1344 1983 supplicio
1395 1922 1513 1963 non
1569 1902 1887 1982 martyrio,
1950 1900 2136 1961 immo
2204 1901 2289 1981 (ni
2336 1902 2529 1982 fallor)
2592 1903 2957 1988 Alexandriae

716 2002 940 2063 nedum
985 2001 1333 2071 Antiochiae,
1384 2000 1763 2062 occubuisse.
1810 1999 1973 2061 Unde
2017 1999 2293 2061 conicere
2330 1999 2475 2061 licet
2510 2000 2775 2062 fabulam
2816 2020 2957 2062 nos-

718 2105 872 2159 tram
907 2098 1124 2160 saeculo
1153 2117 1310 2159 nono
1340 2098 1569 2159 ineunti
1599 2097 1991 2178 posteriorem
2024 2116 2173 2157 esse.

797 2196 1032 2259 Primus
1074 2195 1342 2257 omnium
1389 2196 1672 2277 Georgius
1718 2196 1820 2256 ille
1865 2194 2189 2264 CedrenuS‚
2232 2194 2339 2273 qui
2392 2196 2703 2257 historiam
2744 2196 2958 2258 mundi

718 2293 979 2355 contexit
1018 2312 1050 2354 a
1088 2294 1300 2355 mundi
1348 2293 1648 2355 creatione
1689 2293 1766 2354 ad
1812 2311 2038 2353 annum
2074 2292 2291 2353 Christi
2335 2292 2511 2364 1057,
2556 2294 2783 2374 quique
2826 2294 2957 2356 iure

719 2390 986 2452 creditur
1015 2392 1233 2453 saeculo
1269 2392 1590 2452 undecimo
1629 2391 1928 2460 floruisse,
1961 2390 2208 2453 Artemii
2247 2392 2603 2472 martyrium
2640 2400 2954 2454 memorat.

716 2488 1034 2569 Postquam
1069 2488 1228 2551 enim
1263 2490 1642 2569 Theophanis
1685 2490 1887 2551 locum
1927 2488 2204 2551 recitavit
2238 2524 2319 2533 -
2361 2490 2644 2570 Ἀρτὲμιος
2673 2492 2729 2549 δὲ
2770 2498 2799 2550 ὸ
2836 2490 2958 2560 δοὺξ

720 2583 1140 2668 Ἀλεξανδρείας,
1194 2590 1483 2670 ἐπειδήπερ
1530 2587 1616 2647 ἐπὶ
1661 2597 1759 2646 τοῦ
1812 2590 2193 2647 Κωνσταντίου
2242 2588 2407 2665 ζῆλον
2452 2586 2621 2646 πολὺν
2665 2586 2957 2656 ἐνεδείξατο

719 2684 774 2743 ἐν
839 2684 1214 2765 Ἀλεξανδρείᾳ
1263 2683 1407 2745 κατὰ
1462 2696 1573 2745 τῶν
1620 2684 2181 2762 εἱδωλολατρούντων,
2235 2686 2508 2763 ἐδημεύθη
2555 2684 2660 2764 τὴν
2715 2683 2959 2765 κεφαλὴν

719 2778 1075 2861 ἀποτμηθείς,
1107 2816 1189 2828 -
1222 2782 1536 2863 subiungit
1571 2802 1584 2842 ε
1619 2778 1760 2862 μετὰ
1787 2780 1991 2849 πολλὰς
2029 2783 2292 2861 βασάνους
2319 2782 2451 2864 ὑπὲρ
2484 2780 2590 2863 τὴν
2624 2782 2697 2852 εἷς
2724 2786 2959 2857 Χριστὸν

717 2885 974 2950 πίστεως,
1033 2886 1229 2954 ὁμοίως
1277 2882 1332 2940 δὲ
1373 2881 1464 2939 καὶ
1514 2883 1606 2940 δύο
1657 2879 2006 2960 πρεσὸύτεροι
2044 2877 2293 2958 Εὑγένιος
2339 2879 2429 2939 καὶ
2470 2883 2769 2962 Μακάριος.
2825 2882 2959 2942 Haec

718 2995 896 3056 porro
931 2976 1251 3038 novissima
1296 2977 1472 3039 verba
1519 2976 1781 3057 pendent
1817 2995 1849 3037 a
1883 2976 2160 3057 passione
2200 2977 2448 3038 Artemii
2492 2996 2673 3057 quam
2714 2979 2960 3040 loannes

721 3076 1050 3137 monachus
1091 3076 1282 3137 edidit
1323 3078 1520 3156 (capp.
1563 3075 1772 3146 25-54,
1810 3075 1936 3154 59).
1985 3075 2150 3136 Unde
2192 3075 2467 3138 conicere
2509 3076 2651 3138 licet
2698 3077 2958 3138 fabulam

721 3181 986 3234 nostram
1017 3174 1233 3234 saeculo
1266 3173 1590 3235 undecimo
1625 3173 1865 3234 exeunti
1896 3173 2159 3252 priorem
2192 3191 2342 3234 esse.
2378 3238 2390 3248 ‚

801 3271 912 3333 Sed
941 3277 996 3332 et
1029 3271 1280 3333 Basilius
1300 3271 1626 3352 imperator
1659 3269 1975 3352 (867-886)
1994 3270 2055 3329 in
2084 3270 2400 3350 Menoloyio
2427 3271 2589 3350 quod
2619 3270 2960 3332 condidisse

721 3368 947 3429 dicitur
973 3377 1173 3448 aperte
1200 3369 1448 3431 Artemii
1478 3369 1815 3449 passionem
1842 3388 1874 3429 a
1908 3369 2121 3428 loanne
2150 3369 2442 3429 monacho
2473 3368 2694 3428 editam
2721 3368 2955 3429 recitat.

718 3466 920 3526 Refert
949 3485 1164 3546 nempe
1191 3467 1548 3537 Artemium,
1583 3485 1615 3527 a
1643 3465 2024 3527 Constantino
2056 3463 2187 3545 (sic)
2226 3465 2288 3525 in
2323 3466 2715 3546 patriciorum
2750 3485 2967 3528 nume-

722 3582 858 3623 rum
905 3563 1310 3642 adscriptum,
1362 3564 1597 3643 cognita
1658 3563 1867 3624 Iuliani
1912 3562 2264 3625 crudelitate
2314 3582 2430 3642 qua
2478 3563 2540 3623 in
2597 3563 2962 3625 Christianos

719 3659 1048 3721 Antiochiae
1089 3660 1369 3722 utebatur
1415 3662 1579 3741 (puta
1623 3660 1857 3723 Macarii
1894 3668 1952 3721 et
1992 3661 2241 3740 Eugenii
2286 3661 2701 3741 supplicium),
2742 3661 2962 3723 adiisse

724 3757 1059 3837 principem
1090 3765 1148 3818 et
1177 3759 1310 3820 eius
1336 3759 1704 3839 impietatem
1739 3757 2087 3838 obiurgasse
2120 3759 2316 3838 (capp.
2351 3759 2450 3828 55,
2484 3759 2609 3838 57),
2641 3758 2803 3820 unde
2830 3766 2964 3839 post

723 3855 919 3916 varios
970 3856 1274 3918 cruciatus
1324 3857 1604 3917 toleratos
1663 3857 1818 3937 (cap.
1868 3855 1969 3934 49)
2027 3855 2197 3916 iussu
2240 3856 2535 3936 principis
2589 3857 2778 3918 fuisse
2824 3875 2961 3918 saxo

724 3952 1009 4014 obrutum
1043 3954 1196 4034 (cap.
1227 3954 1353 4033 60),
1379 3954 1517 4014 dein
1542 3973 1681 4014 vero
1715 3953 1913 4033 gladio
1938 3953 2121 4014 finem
2162 3953 2463 4034 accepisse
2492 3954 2687 4035 (capp.
2721 3954 2958 4035 64-67).

723 4051 950 4122 Quibus
1001 4059 1233 4135 constat
1278 4052 1488 4113 Basilio
1538 4051 1885 4131 imperatori
1944 4051 2142 4130 ipsum
2190 4051 2425 4112 loannis
2467 4052 3001 4113 commentarium·

726 4147 1080 4210 innotuisse.

738 4287 740 4290 >
800 4246 902 4306 llis
949 4247 1030 4307 ita
1072 4247 1303 4326 positis,
1355 4245 1776 4308 affirmandum
1819 4245 1969 4307 mihi
2018 4222 2251 4306 videtur
2289 4245 2439 4306 illud
2484 4246 2682 4326 ipsum
2728 4246 2961 4308 loannis

788 4455 830 4502 1.
869 4456 1180 4505 Theodorct..
1217 4459 1268 4506 ll.
1299 4459 1370 4514 E..
1403 4458 1486 4514 ΙΙΙ,
1515 4457 1592 4505 18.

3454 408 3471 443 Q
