3484 5650
1160 637 1530 694 QUAESTIONES
1563 635 2102 690 PsslLosToRGnNAE.
2675 637 2748 686 «59

506 753 1029 826 commentarium,
1066 774 1099 816 a
1128 771 1247 834 quo
1281 760 1403 816 tota
1433 753 1655 833 pendet
1686 753 1875 815 nostri
1905 754 2184 836 martyris
2208 754 2428 826 fabula,
2463 753 2647 818 fuisse
2683 754 2744 816 in

505 851 767 914 medium
812 850 1111 932 prolatum
1153 851 1311 914 circa
1347 851 1591 912 tertium
1628 850 1719 912 vel
1761 858 2044 931 quartum
2083 851 2176 912 vel
2213 851 2492 931 quintum
2520 851 2747 914 decen-

502 949 673 1011 nium
700 949 903 1011 saeculi
933 948 1098 1010 noni.

584 1047 642 1108 Si
711 1066 849 1108 vero
902 1046 1049 1108 satis
1099 1046 1283 1126 probe
1334 1052 1569 1108 constat
1614 1045 1689 1108 de
1737 1052 1911 1108 aetate
1957 1064 2074 1126 qua
2121 1047 2588 1108 commentarius
2632 1047 2747 1108 iste

476 1145 567 1205 ›in
604 1145 871 1206 medium
909 1143 1154 1224 prodiit,
1197 1144 1273 1205 de
1312 1143 1545 1224 origine
1594 1143 1832 1205 loannis
1877 1143 2042 1205 illius
2082 1144 2361 1205 monachi
2409 1145 2508 1206 cui
2547 1144 2748 1206 dictus

504 1243 971 1304 commentarius
999 1248 1383 1322 nuncupatur
1411 1261 1529 1303 non
1561 1241 1640 1302 ita
1666 1241 1816 1303 scite
1842 1241 2286 1303 decernendum
2313 1249 2424 1303 est.
2446 1276 2529 1289 —-
2549 1243 2741 1323 Ange-

504 1340 599 1402 lus
622 1340 871 1421 'quidem
900 1339 1221 1402 cardinalis
1248 1339 1435 1401 Maius
1463 1338 1697 1401 censuit
1721 1340 1885 1400 hunc
1911 1339 2410 1401 commentarium
2440 1359 2568 1402 esse
2591 1359 2746 1420 opus

502 1438 835 1518 genuinum
864 1438 1099 1499 loannis
1136 1437 1476 1499 Damasceni
1508 1437 1671 1517 quia,
1704 1443 1774 1498 ut
1801 1437 1906 1508 ait,
1936 1437 2172 1498 loannis
2196 1437 2472 1498 monachi
2501 1439 2743 1500 nomine

500 1537 895 1598 Damascenus
914 1534 1198 1616 appellari
1229 1536 1290 1596 in
1317 1535 1625 1597 codicibus
1648 1535 1818 1597 solet.
1840 1537 1916 1597 At
1933 1535 2329 1596 Damascenus
2357 1537 2414 1614 (ἦ
2433 1535 2550 1603 760
2565 1536 2737 1615 circ.)

502 1634 802 1714 antiquior
843 1633 993 1695 mihi
1036 1633 1277 1696 videtur
1312 1652 1494 1713 quam
1545 1640 1616 1694 ut
1666 1639 1878 1695 auctor
1917 1632 2328 1694 commentarii
2377 1633 2564 1695 nostri
2619 1634 2739 1696 dici

502 1739 716 1812 queat;
754 1739 813 1793 et
854 1732 1101 1811 insuper
1136 1731 1296 1792 docti
1335 1730 1656 1792 cardinalis
1693 1730 2037 1792 coniectura
2078 1731 2246 1792 nullo
2286 1731 2500 1794 nititur
2527 1733 2742 1794 funda-

500 1837 723 1902 mento,
758 1849 895 1891 cum
926 1829 1187 1890 sexcenti
1213 1828 1516 1890 extiterint
1542 1829 1822 1890 monachi
1858 1830 1970 1890 hoc
1995 1829 2204 1890 eodem
2231 1829 2468 1890 loannis
2499 1830 2743 1891 nomine

501 1928 784 1990 decorati.
825 1963 907 1974 —
937 1929 1055 1988 Nec
1083 1927 1275 2008 magis
1312 1927 1605 1988 assentior
1633 1925 1942 1988 sententiae
1975 1933 2291 1988 auctorum
2318 1927 2741 1989 parisiensium

503 2025 631 2106 qui,
664 2025 725 2086 in
756 2045 863 2087 suo
903 2025 1176 2105 catalogo
1206 2024 1486 2086 codicum
1514 2024 2067 2104 manuscriptorum
2100 2024 2481 2086 Bibliothecae
2516 2025 2735 2104 Regiae,

497 2142 786 2185 censuere
822 2125 1099 2184 loannem
1141 2129 1415 2185 nostrum
1452 2122 1639 2183 fuisse
1669 2122 1948 2184 Sardium
1987 2121 2359 2202 episcopum.
2396 2122 2538 2184 Novi
2569 2124 2742 2204 equi-

496 2221 637 2282 dem
699 2222 977 2282 Ioannem
1039 2219 1359 2300 quemdam
1423 2219 1717 2281 Theodori
1781 2219 2026 2281 Studitae
2093 2220 2382 2300 aequalem
2447 2228 2508 2281 et
2551 2221 2738 2283 infula

498 2319 767 2380 sardensi
815 2319 1184 2389 decoratum,
1237 2337 1415 2397 quem
1462 2318 1643 2380 etiam
1684 2324 1994 2380 auctorem
2031 2318 2244 2379 dicunt
2283 2318 2470 2380 fuisse
2513 2318 2741 2398 aliquot

498 2415 931 2478 encomiorum.
975 2418 1047 2478 At
1096 2415 1158 2476 in
1188 2416 1521 2477 -codicihus
1568 2417 1814 2477 loannes
1865 2424 2067 2476 noster
2123 2435 2232 2477 nec
2275 2416 2576 2478 sardensis
2627 2436 2738 2478 nec

500 2513 819 2593 episcopus
844 2513 1088 2577 dicitur.
1131 2549 1202 2558 -
1235 2513 1383 2584 Quin
1428 2514 1609 2575 ctiam
1652 2513 1714 2573 in
1751 2513 1960 2575 codice
2001 2513 2266 2574 Parisino
2306 2513 2458 2574 1510
2490 2515 2738 2576 loannes

498 2619 701 2672 noster
731 2611 1004 2674 Rhodius
1036 2611 1385 2692 appellatur.
1422 2609 1703 2692 Quisquis
1736 2630 1877 2672 vero
1915 2611 1993 2672 sit
2035 2610 2301 2673 Rhodius
2335 2611 2435 2672 ille
2471 2611 2736 2690 (aliunde

496 2728 713 2788 nempe
756 2729 875 2770 non
931 2709 1253 2788 noscitur),
1298 2729 1368 2770 ex
1414 2709 2096 2788 supradictisconicere
2148 2709 2376 2770 certius
2430 2716 2522 2771 est
2562 2709 2735 2770 illum

498 2826 617 2868 non
646 2816 849 2870 octavo
891 2807 995 2870 sed
1034 2827 1191 2869 nono
1233 2807 1449 2869 saeculo
1488 2807 1783 2879 floruisse,
1832 2828 1942 2870 nec
1974 2807 2317 2869 Damasceni
2356 2808 2448 2869 vel
2486 2807 2734 2871 Studitae

498 2906 783 2985 aequalem
816 2926 969 2977 esse,
1000 2906 1107 2967 sed
1134 2905 1347 2967 Photii.

578 3003 679 3065 His
718 3004 921 3073 dictis,
972 3006 1118 3066 ordo
1155 3004 1415 3084 postulat
1461 3012 1530 3065 ut
1572 3004 1878 3085 inquiram
1921 3005 2112 3067 fontes
2151 3024 2183 3066 e
2235 3006 2460 3085 quibus
2493 3008 2739 3068 loannes

500 3103 831 3164 monachus
858 3103 1168 3163 materiam
1195 3102 1395 3163 hausit
1423 3102 1517 3163 sui
1548 3102 1989 3163 commentarii.

578 3201 704 3280 lpse
734 3200 796 3260 in
832 3200 1241 3263 commentarii
1280 3200 1372 3260 sui
1406 3200 1719 3280 prooemio,
1753 3220 1872 3261 non
1919 3200 2207 3261 mediocri
2250 3218 2398 3261 usus
2440 3200 2734 3279 emphasi,

501 3298 629 3359 haec
658 3298 841 3359 refert
877 3320 889 3358 :
935 3318 959 3357 (ι
1002 3298 1166 3359 Multi
1206 3298 1479 3360 historici
1517 3298 1845 3359 Artemium
1885 3305 2244 3369 memorant,
2287 3297 2518 3359 scilicet
2555 3299 2735 3359 Euse-

500 3394 636 3456 bius
665 3396 977 3476 Pamphili,
1003 3397 1295 3468 SocrateS,
1328 3396 1783 3477 PhilostorgiUS,
1813 3396 2217 3458 Theodoretus
2237 3396 2416 3457 etalii
2437 3394 2676 3476 plures!
2705 3418 2734 3456 »

499 3494 719 3555 Immo:
746 3515 771 3553 α
802 3493 1116 3565 EusebiuS,
1139 3494 1513 3574 temporibus
1541 3494 1908 3555 Constantini
1935 3494 2124 3575 Magni
2154 3495 2354 3555 clarus
2381 3502 2438 3555 et
2467 3494 2739 3556 omnium

499 3596 640 3651 tunc
678 3590 1098 3671 episcoporum
1141 3591 1552 3662 doctissimuS,
1586 3591 1734 3653 dicit
1768 3598 2092 3673 martyrem
2127 3592 2313 3653 fuisse
2349 3610 2544 3654 unum
2579 3611 2617 3651 e
2647 3611 2742 3652 se-

500 3688 829 3759 natoribuS,
883 3697 943 3750 et
996 3690 1059 3749 in
1106 3690 1283 3751 domo
1336 3689 1721 3769 imperatoria
1768 3691 2022 3760 clarum,
2083 3698 2144 3751 et
2191 3691 2550 3751 familiarem
2591 3690 2745 3751 Con-

498 3785 741 3847 stantini
778 3807 844 3849 ac
873 3788 1223 3858 Constantii,
1263 3806 1661 3867 necunquam
1692 3807 1724 3849 a
1763 3788 2166 3850 familiaritate
2202 3788 2530 3851 Constantii
2568 3788 2743 3849 avul-
2838 3793 2849 3800 '

498 3902 601 3944 sus
639 3884 850 3945 fuit....
900 3905 925 3945 n
964 3886 1099 3947 Haec
1134 3885 1295 3947 dicta
1334 3905 1452 3947 non
1497 3885 1689 3947 levem
1731 3887 2034 3949 mendacii
2081 3886 2491 3966 suspicionem
2529 3905 2740 3947 secum

499 3981 717 4042 ferunt.
761 3981 983 4043 Revera
1026 3982 1187 4043 enim
1225 3983 1525 4043 Artemius
1569 3984 1690 4044 dux
1726 3984 1844 4045 fuit
1893 3983 2118 4065 AEgypti
2159 3982 2320 4045 circa
2359 4002 2584 4045 annum
2619 3982 2743 4043 556

498 4086 556 4139 et
578 4079 726 4140 obiit
758 4080 916 4142 circa
945 4100 1169 4141 annum
1194 4080 1308 4141 562
1346 4102 1360 4139 z
1390 4079 1683 4142 Eusebius
1701 4082 2003 4165 ‘Pamphili
2028 4100 2188 4151 vero,
2221 4080 2526 4142 scribendi
2555 4080 2742 4140 finem

486 4176 640 4238 -secit
677 4178 835 4239 circa
881 4198 1105 4239 annum
1150 4179 1289 4249 559,
1337 4198 1449 4240 nec
1484 4179 1671 4239 ullam
1722 4185 1893 4240 antea
1943 4177 2316 4241 occasionem
2357 4185 2568 4239 nactus
2607 4196 2746 4239 esse·

498 4274 734 4336 videtur
776 4276 1108 4338 Artemium
1152 4277 1369 4339 ducem
1426 4276 1518 4337 vel
1576 4277 1949 4338 nominandi.
2015 4278 2302 4339 Praeterea
2357 4276 2630 4337 Socrates
2679 4283 2740 4337 et

490 4373 852 4435 *Sozomcnus
894 4373 967 4436 de
1017 4374 1279 4436 Artemio
1337 4375 1533 4435 silent.
1584 4375 1990 4436 Theodoretus
2033 4374 2282 4437 Artemii
2321 4374 2620 4449 meminit,
2652 4381 2739 4435 2ut

497 4468 614 4530 iam
683 4472 961 4550 superius
1023 4473 1176 4547 dixi3
1244 4474 1347 4533 sed
1413 4472 1486 4533 de
1550 4472 1649 4533 illo
1704 4473 2066 4553 paucissima
2133 4474 2454 4535 admodum
2525 4474 2738 4535 refert.
