3484 5650
1140 664 1510 723 ounsriosrs
1541 625 2074 714 rulros‘roaomffi.
2666 668 2729 717 25

566 821 652 834 —
675 785 761 847 Ad
785 802 1013 845 annum
1040 780 1152 843 561
1189 802 1203 841 ε
1245 815 1326 827 -
1355 778 1685 852 Quomodo,
1712 778 1941 841 Iuliano
1970 780 2320 851 rebellante,
2356 782 2731 847 Constantius

490 883 642 946 obiit
695 881 1026 962 baptizatus
1069 881 1144 941 ab
1191 878 1406 941 Euzoio
1441 877 1799 939 antiocheno
1844 877 2125 959 episcopo
2164 900 2178 939 :
2235 881 2423 965 Ἀρχῇ
2465 882 2736 964 τετάρτης

496 983 596 1042 ἷνδ.
629 1005 683 1041 κ.
707 1006 764 1041 τ.
785 983 838 1040 λ.

569 1113 651 1125 -
676 1078 763 1140 Ad
788 1096 1014 1138 annum
1043 1075 1160 1138 562
1197 1097 1210 1136 ι
1246 1109 1320 1119 -
1353 1074 1678 1147 Quomodo,
1709 1072 1991 1135 defuncto
2020 1075 2381 1148 Constantio,
2408 1096 2521 1156 pax
2550 1078 2738 1140 eccle·

497 1178 722 1238 siarum
749 1195 782 1236 a
801 1175 1031 1237 Iuliano
1061 1172 1453 1255 opprimitur;
1486 1171 1698 1234 relatio
1721 1172 2073 1251 passionum
2100 1172 2475 1235 diversorum
2494 1174 2733 1253 piorum

495 1274 780 1345 virorum,
817 1274 924 1353 qui
956 1292 1064 1354 pro
1089 1272 1205 1333 fide
1239 1271 1582 1351 interempti
1612 1270 1706 1331 vel
1739 1270 1933 1331 vexati
1970 1277 2109 1331 sunt
2136 1270 2306 1333 iussu
2333 1271 2567 1347 iuliani,
2593 1282 2736 1353 puta

493 1372 728 1453 Georgii
765 1368 1170 1441 Alexandrini,
1204 1368 1526 1449 Patrophili
1561 1368 2050 1449 Scythopolitani,
2085 1368 2285 1450 cyrilti
2320 1368 2736 1451 Heliopolitani

500 1477 560 1531 et
600 1469 1004 1549 plurimorum
1047 1468 1204 1529 inter
1249 1486 1400 1547 quos
1444 1467 1748 1529 Artemius
1790 1466 1910 1528 dux
1951 1466 2211 1547 AEgypti3
2262 1468 2367 1529 sed
2415 1475 2475 1530 et
2510 1467 2739 1549 aliquot

502 1568 761 1629 aliorum
793 1566 924 1646 qui,
956 1586 989 1627 a
1027 1566 1144 1627 fide
1190 1564 1448 1645 turpiter
1479 1564 1851 1635 deficienteS‚
1890 1564 2091 1644 lapsus
2133 1584 2341 1644 poenas
2386 1584 2525 1627 mox
2554 1566 2739 1629 dede-

469 1673 664 1736 ·runt,
703 1665 860 1727 inter
883 1683 1035 1744 quos
1061 1664 1432 1725 Theoteenus
1472 1669 1534 1725 et
1561 1664 1795 1725 Heron:
1838 1665 2129 1731 Ἰουλιανὸς
2160 1663 2315 1744 γνοὺς
2358 1668 2741 1726 Κωνσταντίου

497 1788 553 1824 κ.
576 1788 630 1823 τ.
652 1782 706 1823 Λ.

578 1863 711 1922 Haec
769 1868 913 1921 sunt
982 1860 1313 1940 fragmenta
1373 1859 1446 1920 ab
1507 1866 1752 1920 auctore
1800 1858 2082 1923 Chronici
2125 1858 2427 1937 paschalis
2470 1859 2740 1931 recitata,

500 1960 562 2019 in
613 1958 836 2039 quibus
885 1958 1207 2019 Constantii
1265 1957 1609 2018 encomium
1666 1963 2023 2036 perpetuum
2072 1963 2133 2018 et
2184 1958 2570 2018 Ilomoeorum
2616 1957 2742 2037 epi-

487 2042 820 2135 scoporum
880 2055 1228 2117 indeficiens
1288 2055 1419 2115 laus
1475 2054 1712 2116 abunde
1767 2060 2064 2115 testantur
2118 2054 2336 2115 horum
2375 2054 2744 2135 fragmento-

502 2174 643 2216 rum
715 2154 1069 2233 scriptorem
1131 2152 1315 2214 suisse
1372 2171 1566 2213 unum
1626 2172 1697 2213 ex
1761 2154 2012 2213 homoeae
2067 2152 2257 2232 partis
2322 2153 2740 2215 sectatoribus.

503 2252 668 2315 Unde
728 2252 816 2313 sic
879 2252 1167 2313 llenricus
1209 2250 1478 2313 Gwatkin
1528 2272 1541 2311 :
1607 2252 1839 2312 «These
1880 2252 2089 2313 stories
2136 2271 2245 2312 are
2289 2258 2392 2313 not
2428 2252 2501 2330 of
2531 2252 2747 2313 Nicene

501 2351 720 2433 oriqin.
776 2350 1018 2411 Neither
1060 2369 1165 2410 are
1201 2348 1334 2429 they
1384 2350 1792 2411 Macedonian.
1846 2348 2097 2411 Sabinus
2142 2351 2218 2429 of
2236 2350 2524 2411 Heraclea
2566 2369 2746 2413 seems

505 2457 562 2509 to
589 2448 741 2508 have
787 2448 1024 2509 written
1057 2448 1197 2527 only
1242 2466 1319 2508 on
1349 2448 1445 2507 the
1484 2448 1777 2519 counciIs;
1828 2447 1954 2507 and
2003 2467 2080 2508 no
2112 2446 2500 2509 Macedonian
2546 2448 2750 2509 writer

505 2546 700 2607 would
742 2546 888 2606 have
932 2546 1308 2628 stiqmatized
1357 2544 1452 2605 the
1495 2546 1679 2605 exiles
1736 2564 1803 2605 as
1858 2546 2110 2623 deposed
2160 2544 2247 2605 ἐπὶ
2305 2546 2572 2626 διαφόροις
2622 2543 2749 2607 ἀτό-

507 2669 625 2712 ποις
684 2643 1038 2713 κακοδοξιάις.
1073 2642 1344 2705 ,Νείἰῆεν
1393 2643 1470 2704 do
1526 2643 1661 2723 they
1703 2662 1860 2703 seem
1902 2651 1957 2704 lo
2002 2661 2160 2703 come
2204 2642 2362 2720 from
2413 2642 2747 2705 Anomoecm

506 2761 814 2803 sources...
882 2742 992 2803 The
1044 2743 1254 2801 writer
1312 2740 1448 2801 then
1498 2760 1620 2801 was
1675 2761 1714 2801 a
1768 2742 2087 2810 Homoean‚
2155 2740 2278 2800 and
2334 2740 2627 2818 therefore
2685 2743 2758 2821 of

505 2841 602 2902 the
650 2843 821 2922 reiqn
858 2841 932 2919 of
969 2842 1194 2905 Valens.
1239 2861 1312 2900 or
1343 2860 1483 2921 very
1521 2841 1674 2902 little
1716 2841 1892 2911 later,
1928 2839 2127 2919 before
2171 2840 2500 2901 Homoeans
2542 2843 2749 2901 ceased

507 2949 564 3001 to
595 2939 715 3000 be¹.
755 2959 782 2998 »

587 3035 688 3097 His
715 3036 1062 3115 praelibatiS,
1095 3043 1257 3097 certo
1289 3035 1440 3096 mihi
1475 3036 1701 3097 certius
1731 3044 1822 3098 est
1850 3036 2207 3116 scriptorem
2240 3036 2405 3098 hune
2438 3037 2748 3098 homoeum

509 3153 872 3215 anonymum
906 3133 1300 3214 Philostorgio
1329 3133 1514 3195 fuisse
1543 3142 1775 3195 notum.

587 3233 852 3312 Exempli
881 3233 1092 3312 gratia,
1131 3232 1568 3312 philostorgius
1594 3233 1728 3313 (vlt,
1755 3232 1853 3303 15)
1876 3233 2061 3293 refert
2080 3233 2372 3292 Heronem
2401 3229 2746 3311 quemdam,

510 3349 580 3391 ex
616 3331 860 3410 AEgypto
897 3329 1272 3409 episcopum,
1313 3337 1579 3409 tempore
1619 3329 1834 3391 luliani
1884 3329 1958 3390 ad
2005 3328 2326 3409 gentilium
2369 3327 2752 3408 superstitio-

507 3446 649 3488 nem
692 3427 1037 3497 descivisse,
1078 3433 1138 3488 et
1183 3427 1383 3488 subito
1440 3429 1674 3489 morbo'
1699 3435 2042 3507 correptum
2089 3426 2427 3488 miserrime
2474 3426 2745 3506 periisse.

509 3525 686 3605 Atqui
723 3524 876 3586 hanc
905 3524 1174 3586 eamdem
1205 3525 1631 3597 narrationem,
1665 3526 1892 3586 eisdem
1924 3525 2175 3587 vocibus
2198 3543 2533 3605 expressam
2567 3524 2752 3586 immo

511 3641 786 3684 sermone
827 3623 1030 3683 minus
1057 3622 1480 3685 declamatorio
1511 3629 1570 3683 et
1605 3623 2077 3685 circumstantiis
2104 3623 2295 3703 magis
2324 3623 2561 3703 topiciS,
2594 3623 2753 3703 apud

511 3721 865 3800 scriptorem
902 3721 1209 3782 homoeum
1251 3739 1615 3802 anonymum
1650 3722 1937 3801 reperies.
1977 3756 2060 3769 —
2106 3721 2542 3801 philostorgius
2584 3719 2755 3781 dein-

512 3837 655 3898 ceps
696 3818 881 3902 refert
916 3819 1318 3880 Theoteenum
1363 3818 1704 3899 quemdam,
1752 3818 1961 3881 eodem
1999 3827 2291 3900 tempore,
2342 3825 2402 3879 et
2442 3819 2641 3898 ipsum
2678 3818 2754 3880 ad

513 3915 944 3978 hellenismum
963 3916 1309 3988 descivisse,
1331 3936 1442 3978 nec
1463 3917 1743 3979 dissimili
1768 3917 1861 3980 via
1892 3917 1966 3978 ad
1996 3924 2213 3978 aeterna
2244 3916 2539 3997 supplicia
2568 3924 2760 3978 trans·

513 4013 770 4076 missum
805 4014 1014 4086 fuisse,
1047 4016 1162 4076 Deo
1194 4016 1303 4076 has
1331 4015 1577 4077 meritas
1607 4015 1879 4096 exigente
1912 4033 2139 4094 poenas,
2180 4014 2357 4095 Atqui
2388 4015 2543 4076 hanc
2575 4015 2756 4076 etiam

517 4112 939 4184 narrationem,
977 4113 1204 4174 eisdem
1239 4113 1490 4176 vocibus
1533 4133 1897 4194 expressam,
1937 4112 2259 4174 concisiori
2305 4130 2441 4172 vero
2484 4130 2759 4172 sermone

517 4210 1025 4273 accommodatam
1049 4258 1064 4283 ,
1153 4212 1313 4293 apud
1381 4212 1738 4293 scriptorem
1820 4211 2129 4272 homoeum
2184 4227 2544 4290 anonymum
2604 4228 2767 4290 repe-

520 4326 660 4369 ries.

589 4522 634 4570 1.
673 4521 766 4578 ιαμ
799 4537 849 4585 p.
876 4522 985 4571 218.
