3484 5650
776 607 836 655 14
1428 602 1793 659 QUAESTIONES
1827 600 2359 653 PHILOSTORGIARA.

776 721 1086 790 redderet;
1119 719 1223 780 sed
1252 718 1462 781 sistere
1490 738 1554 779 se
1582 718 1646 778 in
1675 716 1904 779 iudicio
1932 715 2220 787 noluisse,
2253 725 2521 779 scortum
2548 734 2689 781 vero
2716 716 3018 797 quoddam

776 819 1050 883 mercede
1071 816 1426 880 conduxisse
1453 822 1523 877 ut
1549 815 1874 877 Eusebium
1892 814 2407 877 Nicomediensem
2444 814 2657 896 synodi
2682 814 3020 899 principem

778 916 971 997 stupri
1011 921 1343 983 accusaret,
1385 921 1572 993 utque
1614 914 1743 993 ipse
1773 913 1931 974 inter
1958 913 2289 974 tumultum
2326 913 2431 991 qui
2471 912 2575 973 tali
2609 932 2681 973 ex
2721 912 3021 977 calumnia

779 1021 937 1076 esset
963 1013 1313 1075 excitandus
1340 1012 1637 1073 iudicium
1657 1019 1716 1072 et
1739 1010 2299 1072 condemnationem
2320 1011 2763 1091 subterfugeret
2794 1010 3020 1093 (ibim).

778 1112 956 1191 Atqui
986 1110 1110 1172 Arii
1149 1110 1350 1181 amici,
1382 1108 1486 1189 qui
1523 1115 1611 1170 tot
1642 1108 2042 1170 contumelias
2066 1115 2126 1169 et
2153 1108 2375 1169 iniusta
2400 1108 2654 1170 crimina
2679 1108 2741 1168 in
2765 1109 3029 1169 Athana-
3098 1130 3107 1138 ·

781 1210 941 1271 sium
968 1208 1324 1287 intulerunt,
1363 1226 1672 1287 nunquam
1700 1207 1832 1267 eius
1864 1206 2300 1267 ordinationem
2333 1206 2395 1266 in
2430 1204 2683 1267 dubium
2706 1206 3025 1267 adduxisse

783 1308 1081 1369 novimus,
1111 1307 1297 1367 Immo
1323 1312 1484 1366 certo
1514 1305 1741 1366 certius
1759 1304 2033 1365 novimus
2058 1305 2211 1366 hanc
2242 1304 2426 1365 scorti
2456 1305 2820 1365 calumniam
2839 1304 3025 1364 fuisse

787 1407 861 1467 ab
894 1404 1129 1466 Arianis
1161 1403 1448 1463 adversus
1482 1402 1875 1464 Athanasium
1910 1402 2044 1482 Tyri
2086 1408 2469 1472 commotam,
2512 1402 2735 1463 nedum
2771 1401 3028 1463 Athana-

781 1503 927 1565 sius.
952 1502 1115 1562 illam
1161 1500 1446 1561 adversus
1491 1500 1821 1561 Eusebium
1866 1499 1962 1559 vel
2002 1518 2447 1580 quemcumque
2486 1500 2673 1561 alium
2708 1497 3022 1561 moverit¹.

784 1603 1104 1662 Anomoeus
1139 1598 1326 1677 igitur
1361 1604 1566 1659 noster
1593 1597 2045 1658 mendacissimi
2077 1597 2409 1658 testimonii
2451 1597 2514 1658 in
2545 1598 2641 1659 his
2682 1595 3029 1677 arguendus

675 1745 692 1751 -
785 1705 898 1759 est.

861 1798 977 1876 Nec
1001 1793 1281 1855 dissimili
1312 1792 1638 1872 petulantia
1666 1792 1729 1852 in
1753 1792 2037 1853 Basilium
2060 1792 2335 1871 Magnum
2358 1792 2683 1854 invehitur.
2712 1792 3028 1873 Postquam

783 1894 945 1956 enim
991 1893 1124 1954 eius
1171 1891 1291 1951 vim
1337 1898 1397 1951 et
1442 1897 1817 1951 venustatem
1859 1891 1922 1951 in
1974 1890 2364 1952 concionibus
2407 1891 2580 1951 fateri
2624 1899 2867 1953 coactus
2914 1898 3025 1965 est,

789 2014 814 2053 «
845 1990 1231 2053 temerarium
1265 1989 1437 2049 illum
1462 1990 1719 2069 appellat
1743 2008 1856 2049 nec
1886 1988 1947 2049 in
1977 1988 2295 2050 refutando
2322 1990 2736 2070 exercitatum,
2756 1989 3027 2068 eoquod,

759 2098 853 2152 ‚ut
881 2090 983 2162 ait,
1007 2087 1282 2149 Eunomii
1301 2087 1477 2148 libris
1500 2086 1869 2166 respondere
1888 2106 2069 2147 ausus
2094 2092 2253 2147 est».
2287 2086 2585 2166 Additque
2625 2106 2650 2145 «
2674 2086 3033 2147 Eunomium

786 2188 1053 2268 quinque
1090 2184 1266 2245 libris
1314 2185 1600 2246 adversus
1645 2184 1925 2245 Basilium
1967 2184 2333 2254 decertasse;
2372 2185 2656 2245 Basilium
2693 2204 2853 2255 vero,
2891 2203 3032 2246 cum

788 2286 1051 2365 primum
1080 2284 1365 2344 duntaxat
1392 2283 1616 2342 librum
1640 2282 1904 2361 legisset,
1938 2282 2020 2342 ita
2044 2282 2206 2361 gravi
2237 2282 2441 2343 dolore
2471 2282 2655 2343 fuisse
2687 2282 3032 2362 perculsum

789 2391 859 2444 ut
884 2402 955 2443 ex
988 2382 1100 2443 hac
1135 2381 1254 2441 vita
1289 2380 1636 2459 migraverit
1671 2400 1696 2439 1>
1750 2380 1911 2459 (Vlll,
1948 2378 2069 2457 12).
2103 2379 2431 2441 Audiamus
2460 2400 2600 2441 vero
2631 2379 2704 2441 de
2734 2381 2851 2441 hoc
2879 2381 3034 2441 Pho-

794 2480 948 2541 tium
1008 2478 1437 2559 patriarcham,
1495 2477 1599 2557 qui
1649 2477 1779 2557 ipse
1830 2477 1893 2538 in
1944 2477 2222 2538 manibus
2268 2478 2481 2539 habuit
2525 2478 2795 2539 Eunomii
2847 2477 3035 2539 libros

787 2578 1075 2640 Adversus
1098 2575 1391 2639 Basiliam
1413 2596 1433 2635 .·
1467 2596 1492 2636 «
1522 2577 1768 2637 Lectum
1785 2582 1897 2646 est,
1919 2575 2136 2654 inquit,
2160 2576 2345 2636 huius
2374 2574 2543 2655 impii
2564 2576 2827 2637 hominis
2853 2576 3035 2637 trium

789 2676 1084 2738 librorum
1125 2675 1428 2745 volumen,
1481 2673 1644 2754 quod
1687 2673 1956 2734 continet
2004 2673 2338 2753 apologiam
2385 2674 2625 2735 illarum
2674 2674 3036 2753 ineptiarum

791 2793 940 2855 quas
976 2772 1224 2834 Basilius
1271 2772 1707 2833 demonstrarat
1749 2770 1999 2851 reperiri
2032 2771 2093 2832 in
2134 2771 2326 2852 ipsius
2367 2771 2778 2853 blasphemiis,
2813 2773 2932 2833 Hoc
2974 2772 3036 2832 in

790 2888 969 2950 opere
1033 2867 1419 2947 parturiendo
1480 2868 1707 2929 dicitur
1758 2869 2165 2948 absumpsisse
2229 2870 2432 2948 plures
2500 2889 2795 2931 annorum
2846 2870 3039 2950 olym-

789 2965 1017 3048 piadaS,
1072 2970 1249 3044 atque
1296 2965 1393 3025 vix
1443 2964 1681 3026 tandem
1728 2972 1861 3044 post
1900 2966 2230 3027 multorum
2282 2987 2578 3030 annorum
2633 2968 3035 3037 intervallum,

793 3063 1140 3125 abortiendo
1170 3063 1418 3126 eiecisse
1443 3063 1505 3122 in
1525 3063 1723 3124 lucem
1754 3064 1917 3124 hunc
1942 3063 2285 3143 improbum
2302 3085 2371 3127 ac
2386 3065 2804 3146 prodigiosum
2822 3067 3037 3137 fetum,

793 3181 974 3242 quem
1016 3160 1246 3222 tamdiu
1289 3161 1351 3221 in
1389 3161 1641 3222 aedicula
1676 3180 1783 3222 sua
1814 3162 2085 3223 inclusus
2105 3163 2344 3224 furtivis
2378 3165 2798 3243 congressibus
2831 3183 3045 3227 conce-

796 3260 996 3339 perat!
1052 3259 1204 3330 Quin
1263 3259 1467 3330 etiam,
1521 3260 1813 3320 miserum
1863 3261 2037 3321 illum
2077 3268 2319 3341 partum
2359 3260 2453 3321 vel
2496 3262 2643 3340 ipsis
2689 3281 2812 3323 suae
2868 3268 3043 3323 sectae

797 3357 1042 3419 asseclis
1078 3376 1196 3417 non
1233 3357 1540 3427 revelavit,
1574 3357 1799 3418 veritus
1826 3378 1903 3418 ne
1937 3358 1999 3418 in
2028 3359 2229 3419 Basilii
2261 3378 2475 3420 manus
2508 3361 2753 3421 veniens
2786 3360 3043 3440 dissipa-

796 3462 967 3516 retur
1000 3455 1351 3535 priusquam
1382 3453 1767 3515 coalesceret.
1807 3456 1997 3534 Igitur
2018 3456 2308 3527 studiose,
2348 3457 2513 3518 velut
2541 3458 2691 3518 alter
2723 3458 2786 3517 in
2824 3457 3045 3518 fabulis

799 3554 1114 3622 Saturnus,
1142 3558 1350 3612 natum
1374 3552 1520 3612 texit
1543 3559 1721 3631 atque
1741 3549 2055 3615 abscondit
2085 3553 2441 3621 devorando,
2480 3555 2770 3635 quamdiu
2799 3555 3047 3634 quidem

797 3649 1049 3711 Basilius
1074 3649 1136 3710 in
1161 3648 1274 3710 ista
1302 3649 1422 3710 vita
1452 3648 1672 3729 degens
1705 3657 1936 3712 metum
1965 3651 2281 3713 incuteret.
2307 3653 2625 3732 Postquam
2653 3673 2791 3715 vero
2821 3653 2914 3714 vir
2946 3653 3047 3714 ille

797 3747 1060 3818 divinuS,
1105 3747 1419 3826 peregrina
1468 3747 1837 3810 habitatione
1876 3750 2103 3821 relicta,
2150 3750 2213 3810 in
2253 3770 2420 3811 suam
2456 3753 2572 3812 hoc
2613 3759 2701 3812 est
2740 3753 3047 3813 coelestem

795 3846 1052 3925 patriam
1083 3845 1518 3924 commigravit,
1562 3845 1658 3906 vix
1692 3847 1935 3908 tandem
1977 3848 2206 3928 ingenti
2242 3849 2343 3909 illo
2378 3857 2545 3910 metu
2579 3849 2874 3920 discuSSO,
2916 3869 3048 3910 sero

796 3942 1013 4004 edendi
1044 3943 1168 4004 visa
1207 3949 1298 4003 est
1321 3943 1580 4013 occasio,
1614 3943 1718 4004 sed
1744 3944 1956 4005 amicis
1977 3946 2259 4007 duntaxat
2290 3947 2567 4026 evulgare
2592 3967 2777 4009 ausus
2806 3955 2896 4008 est
2920 3947 2973 4006 ²1
3016 3968 3041 4007 »

883 4042 946 4102 ln
979 4041 1284 4112 Acacium,
1317 4043 1702 4102 Homoeorum
1740 4042 2096 4122 principem,
2130 4044 2453 4106 invehitur.
2487 4047 2614 4118 llle,
2657 4046 2877 4126 inquit,
2909 4065 3047 4108 cum

801 4146 956 4200 esset
979 4140 1253 4201 Caesareae
1281 4139 1590 4200 Palestinae
1621 4139 1959 4220 episcopuS,
1993 4142 2279 4204 adversus
2310 4144 2671 4206 Eunomium
2715 4151 3050 4206 commotus

805 4257 874 4299 eo
909 4238 1070 4318 quod
1114 4237 1284 4298 illum
1335 4237 1624 4318 cyzicenae
1665 4239 1932 4300 ecclesiae
1975 4241 2325 4319 praefectum
2371 4241 2639 4316 vidisset,
2689 4243 3050 4303 Eunomium

871 4379 918 4429 1.
950 4379 1188 4439 Gwatkin‚
1217 4379 1439 4436 studies,
1471 4395 1518 4443 p.
1547 4380 1626 4428 85.

877 4451 922 4499 9.
960 4452 1120 4511 phot„
1151 4451 1288 4514 Cod.,
1318 4451 1428 4499 158.
