3484 5650
746 601 809 649 16
1404 596 1777 655 QUAESTIONES
1812 595 2343 647 PHILOSTORGIANAE.

747 716 852 797 qui
888 715 1178 777 scriberet
1200 734 1296 775 res
1320 715 1489 776 victae
1511 713 1814 784 factioniS,
1847 713 2088 793 scripsit
2125 713 2439 773 historiam
2465 714 2702 794 plenam
2731 714 2983 776 irarum.

746 817 973 894 ltaque,
996 814 1045 874 si
1069 811 1364 893 quidquid
1388 813 1565 874 habet
1586 811 1912 872 verisimile
1938 818 1998 871 et
2018 810 2325 879 decorum,
2352 811 2425 871 de
2440 810 2604 873 Aetio
2624 819 2685 872 et
2697 813 2989 875 Eunomio

747 920 806 975 et
837 911 1076 974 Leontio
1106 919 1162 972 et
1191 911 1516 989 Theophilo
1545 909 1688 970 Indo
1717 916 1778 970 et
1807 909 2172 990 quibusdam
2202 909 2337 969 aliis
2370 928 2493 970 suae
2521 909 2707 989 partis
2737 917 2987 973 sectato-

746 1012 918 1073 ribus
963 1009 1361 1072 libentissime
1391 1007 1807 1088 recipiendum
1843 1022 1972 1067 esse
2010 1007 2249 1068 videtur
2261 1028 2278 1082 3
2319 1007 2620 1087 quidquid
2647 1008 2828 1069 habet
2874 1010 2992 1071 cri-

745 1109 982 1170 minum
1019 1107 1306 1168 adversus
1341 1104 1673 1166 Catholicos
1713 1112 1773 1165 et
1818 1104 2213 1166 Semiarianos
2260 1111 2318 1166 et
2350 1107 2626 1167 Homoeos
2668 1108 2992 1186 suspectis-

746 1206 912 1268 simae
951 1205 1088 1267 fidei
1120 1203 1445 1267 dicendum
1476 1210 1589 1263 est.
1623 1204 1771 1263 Cave
1803 1202 2065 1281 theologi
2101 1210 2393 1263 secretam
2422 1204 2755 1283 perfidiam.
2792 1205 2858 1265 In
2887 1204 2989 1266 illo

747 1304 948 1365 omnia
967 1304 1029 1363 in
1051 1302 1387 1383 apologiam
1405 1301 1495 1362 vel
1521 1301 1583 1361 in
1610 1300 1975 1361 calumniam
2000 1300 2241 1361 facilius
2260 1308 2712 1372 convertuntur,
2732 1308 2791 1362 et
2812 1302 2991 1364 silen-

748 1403 901 1463 tium
929 1402 1130 1481 ipsum
1163 1419 1282 1460 non
1313 1406 1474 1459 caret
1503 1398 1702 1459 studio
1722 1402 1757 1457 ¹.
1948 1402 1953 1407 “

808 1606 856 1655 1.
885 1604 1113 1655 Bullelin
1155 1604 1218 1652 de
1257 1602 1688 1667 cor-respondance
1716 1601 2024 1666 hellenique,
2064 1602 2206 1660 1887,
2247 1618 2295 1665 p.
2323 1604 2401 1660 88,
2448 1604 2577 1653 iuris
2606 1606 2797 1667 publici
2828 1607 2989 1657 factus

746 1681 824 1725 est
851 1674 1029 1724 titulus
1063 1674 1267 1737 quidam
1310 1674 1536 1722 funebris
1561 1680 1793 1736 repertus
1821 1674 1873 1721 in
1902 1673 2073 1723 Hermi
2107 1675 2234 1723 valle
2263 1674 2397 1723 intra
2438 1675 2598 1737 Lydiae
2630 1676 2756 1725 fines
2794 1692 2822 1725 a
2849 1692 2894 1726 v.
2925 1679 2985 1728 cl.

747 1746 1008 1796 Fondrier.
1045 1748 1184 1795 Hunc
1221 1746 1420 1794 titulum
1453 1743 1616 1808 (ibat,
1660 1759 1709 1807 p.
1750 1744 1976 1807 511-514)
2024 1746 2383 1807 interpretatus
2425 1752 2502 1795 est
2538 1762 2583 1794 v.
2615 1749 2679 1796 cl.
2714 1748 2987 1805 Duchesne‚

746 1825 798 1867 et
842 1818 949 1880 ipsc
982 1823 1157 1866 auctor
1187 1817 1283 1865 fuit
1317 1816 1522 1865 titulum
1555 1830 1666 1864 esse
1705 1816 1977 1865 macedonii
2016 1817 2282 1878 Apolloniae
2333 1818 2386 1865 in
2431 1817 2574 1879 lydia
2612 1818 2713 1881 epis
2718 1820 2848 1881 copi,
2900 1820 2987 1881 qui

747 1890 842 1938 sub
871 1887 1402 1941 Constanti0,.lulia110
1427 1893 1478 1936 et
1500 1888 1700 1936 Valente
1726 1887 1913 1941 floruit,
1942 1886 2133 1949 quique
2164 1888 2218 1936 in
2242 1888 2495 1951 epitaphio
2526 1903 2618 1937 suo
2646 1890 2835 1939 dicitur
2862 1892 2987 1943 acri-

745 1966 825 2009 ter
853 1959 1101 2009 Anomoeis
1129 1958 1400 2015 restitisse,
1437 1958 1624 2008 scilicet
1646 1958 1779 2009 κατὰ
1801 1961 1889 2009 τοῦ
1920 1953 2201 2021 ἀνομοίου..
2212 1963 2300 2010 ἐν
2329 1964 2533 2019 πολλοῖς
2515 1970 2655 2017 τοῖς
2684 1962 2805 2028 ὑπὲρ
2832 1964 2927 2026 Χρι
2931 1983 2986 2013 σ-

744 2033 834 2081 τοῦ
860 2033 1069 2094 διωγμοῖ
1075 2050 1095 2088 ς
1130 2026 1442 2094 ἀπενεγκάμε
1445 2048 1526 2087 νςο
1565 2028 1648 2080 κ)’
1629 2048 1724 2087 εος
1775 2029 1887 2077 Vide
1922 2029 2179 2089 egregiam
2208 2030 2436 2091 magistri
2479 2032 2902 2090 dissertationem,
2938 2034 2990 2082 in

744 2116 844 2163 qua
871 2102 994 2149 illud
1020 2107 1399 2149 monumentum
1430 2100 1812 2163 epigraphicum
1848 2100 2096 2161 theologis
2130 2107 2208 2149 sat.
2234 2101 2463 2162 ignotum
2508 2102 2562 2150 in
2607 2104 2795 2151 claram
2824 2105 2988 2154 lucem

746 2172 928 2228 editur,
961 2177 1012 2221 et
1041 2172 1194 2220 simul
1219 2176 1569 2221 Anomoeorum
1593 2170 1821 2220 doctrina
1853 2178 1905 2220 et
1928 2172 2129 2219 fortuna
2159 2173 2379 2223 breviter
2407 2174 2714 2223 referuntur.
