3484 5650
1137 678 1506 736 QUAESTIONES
1539 679 2073 729 PulLosTORGunAE.
2700 681 2723 728 7

481 796 714 877 copiam
745 796 968 857 habere
993 814 1057 866 »ς
1091 814 1322 857 necnon
1346 794 1634 855 Arcadius
1664 796 1755 871 (Α.
1785 794 1929 875 596)
1950 802 2099 874 post·
2117 814 2257 857 eum
2290 796 2537 859 iusserit
2566 824 2599 853 c<
2634 799 2735 860 do-

481 902 679 956 ctores
707 900 1104 972 auctoresque
1134 892 1642 954 Eunomianorum
1679 892 1967 954 facinoris
2000 893 2409 975 investigatoS‚
2446 896 2731 959 clericos-

481 1012 602 1074 que
632 993 890 1054 maxime
917 1010 1178 1071 quorum
1211 993 1380 1053 l'uror
1410 999 1642 1053 lantum
1673 999 1944 1053 suaserat
1966 1011 2256 1065 errorem,
2289 1013 2360 1055 ex
2384 994 2729 1057 civitatibus

485 1092 626 1173 pelli
657 1095 954 1153 extorres¹
987 1112 1040 1150 ι).

563 1192 695 1252 Haec
735 1191 853 1252 ruit
889 1191 1187 1251 Anomoeae
1229 1189 1509 1251 factionis
1543 1207 1650 1249 seu
1691 1188 1891 1267 potius
1928 1189 2199 1251 ecclesiae
2235 1189 2429 1270 origo,
2463 1190 2725 1265 fortuna,

481 1288 756 1350 exitium.
788 1288 1066 1349 Ecclesiae
1093 1288 1404 1349 catholicae
1423 1286 1686 1367 graviter
1703 1287 1950 1347 fuerunt
1970 1294 2029 1347 et
2049 1288 2317 1367 periculo
2343 1294 2403 1349 et
2422 1290 2729 1351 scandalo.

487 1388 762 1451 Doctores
791 1384 1174 1464 amplissimi,
1207 1384 1486 1454 Basilius,
1509 1384 1835 1463 Gregorius
1857 1384 2176 1464 Nyssenus‚
2210 1385 2554 1459 Theodorus
2575 1388 2735 1468 Mop-

484 1492 824 1555 suestenuS‚
879 1483 1166 1545 adversus
1212 1486 1531 1545 Anomoeos
1573 1482 1848 1543 certatim
1887 1489 2176 1546 tractatus
2218 1484 2727 1564 conscripserunt.

485 1585 690 1645 Postea
717 1584 1140 1643 Anomoeorum
1169 1580 1446 1661 impietas
1474 1581 1534 1641 in
1561 1580 1946 1660 proverbium
1968 1581 2151 1642 venit.
2178 1583 2261 1642 Re
2284 1601 2421 1643 vera
2457 1583 2735 1645 christia-

487 1678 722 1740 nismus
741 1680 856 1741 iste
875 1679 1224 1741 dialecticus
1254 1677 1759 1740 Socinianismum
1791 1678 1967 1757 sapit,
1986 1684 2067 1749 et,
2102 1686 2251 1740 teste
2280 1679 2555 1751 Baronio‚
2582 1683 2734 1743 Ano·

488 1796 676 1839 moeos
703 1778 836 1839 iure
865 1777 1066 1839 dicere
1095 1785 1184 1839 est
1213 1777 1617 1839 recentiorum
1647 1776 2068 1838 haereticorum
2104 1777 2442 1857 magistros.

567 2185 1001 2267 Philostorgius
1031 2187 1226 2248 extitit
1250 2186 1428 2247 istius
1456 2187 1758 2247 Anomoeae
1780 2185 2055 2246 factionis
2083 2192 2141 2246 et
2176 2192 2434 2246 sectator
2458 2193 2518 2247 et
2540 2186 2736 2247 histo-

487 2285 672 2347 ricuS.
702 2284 850 2346 lluic
877 2292 1074 2346 tamen
1106 2284 1338 2345 tardius
1362 2283 1614 2345 adhaesit
1643 2290 1702 2344 et
1726 2284 1903 2363 longe
1925 2289 2058 2363 post
2078 2283 2426 2345 exhaustam
2456 2284 2736 2346 factionis

484 2385 816 2445 fortunam.

567 2484 786 2543 Auctor
815 2487 1020 2543 noster
1059 2481 1280 2542 Borissi
1320 2487 1497 2541 natus
1527 2488 1638 2549 est,
1688 2480 1795 2558 qui
1832 2479 1942 2539 suit
1996 2498 2186 2559 pagus
2224 2480 2607 2559 Cappadociae
2646 2500 2734 2542 se-

484 2579 715 2642 cundae.
750 2580 933 2641 Natus
963 2585 1054 2639 est
1077 2579 1237 2639 circa
1262 2596 1487 2638 annum
1519 2576 1658 2647 564,
1690 2585 1761 2638 ut
1795 2576 1946 2637 infra
1979 2577 2227 2656 patebit.
2262 2578 2495 2638 Patrem
2524 2578 2733 2639 habuit

485 2676 815 2739 Carterium
857 2677 1202 2757 quemdam,
1241 2694 1424 2755 quem
1461 2676 1590 2756 ipse
1617 2675 2049 2754 philostorgius
2082 2675 2194 2755 (IX,
2224 2674 2284 2753 9)
2326 2676 2507 2736 refert
2550 2676 2735 2736 fuisse

489 2776 762 2838 Eunomii
817 2775 1260 2856 quammaxime
1304 2773 1530 2836 zeloten
1589 2793 1602 2834 :
1653 2773 1827 2835 uxori
1874 2792 2089 2852 nempe
2148 2791 2292 2844 suae,
2334 2790 2466 2854 quae
2500 2780 2622 2836 tam
2665 2791 2737 2835 ex

487 2881 736 2955 paterno
759 2892 941 2953 quam
970 2892 1040 2933 ex
1068 2881 1336 2934 materno
1361 2891 1576 2953 genere
1595 2871 1892 2933 Nicaenam
1924 2870 2097 2932 fldem
2120 2871 2531 2951 profitebatur,
2563 2880 2631 2933 ut
2660 2873 2732 2933 ad

489 2977 912 3036 Anomoeorum
946 2971 1289 3052 opinionem
1334 2971 1698 3032 descisceret
1742 2971 2072 3051 persuasit3
2123 2977 2183 3032 et
2228 2971 2331 3032 illa
2372 2972 2570 3032 mariti
2600 2991 2735 3052 per-

487 3070 874 3132 suasionibus
915 3070 1161 3131 inducta
1204 3088 1325 3130 non
1363 3069 1490 3149 ipsa
1529 3069 1726 3131 solum
1770 3069 2190 3130 eunomianam
2237 3069 2571 3131 doctrinam
2612 3089 2736 3129 amu

489 3169 660 3249 plexa
699 3175 810 3240 est,
847 3169 952 3230 sed
984 3168 1167 3229 etiarn
1197 3168 1411 3228 fratres
1443 3167 1709 3247 primum
1734 3186 1804 3228 ac
1832 3167 2043 3228 exinde
2068 3173 2298 3247 patrem
2331 3186 2563 3228 necnon
2588 3167 2734 3228 reli--

490 3285 642 3346 quos
669 3267 956 3345 paulatim
990 3266 1362 3346 propinquos
1389 3283 1529 3326 suos
1563 3265 1624 3325 in
1661 3285 1831 3326 suam
1862 3265 2218 3326 sententiam
2248 3262 2444 3324 traxit.

568 3363 1142 3444 Constantinopolim
1175 3364 1601 3444 philostorgius
1633 3364 1807 3444 petiit
1848 3363 2009 3425 circa
2047 3382 2273 3423 annum
2322 3361 2462 3422 584.
2515 3360 2729 3423 Scribit

491 3463 652 3523 enim
685 3463 772 3542 (X,
813 3463 874 3542 6)
927 3481 990 3524 se
1019 3462 1232 3543 viginti
1269 3481 1457 3523 annos
1491 3469 1700 3524 natum
1737 3462 1797 3521 in
1832 3461 1993 3540 regia
2026 3461 2179 3521 urbe
2218 3459 2577 3521 Eunomium
2611 3459 2733 3520 sre-

491 3569 807 3642 quentasse
850 3582 864 3620 ε
911 3561 1076 3641 atqui
1121 3561 1222 3621 ille
1257 3560 1574 3639 utriusque
1623 3566 1953 3620 conventus
2000 3576 2117 3619 non
2163 3564 2294 3637 post
2345 3577 2571 3619 annum
2613 3557 2732 3618 584

491 3658 763 3739 contigit,
788 3677 928 3720 cum
961 3658 1288 3746 Eunomius
1316 3659 1429 3720 hoc
1459 3657 1589 3737 ipso
1617 3675 1773 3717 anno
1802 3655 2306 3734 Constantinopoli
2333 3656 2512 3718 fuerit
2542 3662 2735 3717 exter-

491 3757 756 3818 minatus
785 3756 1092 3818 ultimum.

571 3853 1078 3934 Constantinopoli
1112 3861 1413 3914 versatum
1442 3851 1630 3912 fuisse
1649 3858 1953 3912 auctorem
1981 3858 2257 3912 nostrum
2286 3851 2562 3912 conicere
2591 3851 2731 3912 licet

494 3972 526 4014 e
560 3952 771 4014 notitia
812 3970 1021 4011 rerum
1054 3949 1837 4028 constantinopolitanarnm
1870 3967 2051 4028 quam
2081 3948 2304 4010 habere
2333 3948 2594 4010 videtur.
2632 3950 2731 4010 ln-

493 4059 654 4112 terea
683 4050 994 4130 ignoratur
1019 4068 1151 4129 quae
1179 4048 1360 4110 suerit
1376 4047 1510 4110 eius
1532 4047 1818 4109 conditio.
1850 4047 2018 4108 lllum
2046 4047 2359 4108 rhetoricae
2385 4054 2445 4107 et
2466 4047 2735 4127 philoso-

495 4149 688 4230 phicae
710 4148 823 4209 arti
853 4166 1096 4228 operam
1121 4147 1426 4208 navavisse
1454 4145 1628 4207 facile
1659 4144 2046 4206 crediderim.
2077 4147 2286 4206 Narrat
2318 4145 2479 4205 enim
2520 4145 2608 4225 (Χ,
2636 4144 2730 4223 10)

497 4267 562 4309 se
589 4266 852 4328 quoque,
885 4252 1022 4326 post
1044 4245 1373 4306 Eusebium
1415 4250 1474 4305 et
1501 4243 1867 4305 Methodium
1908 4250 1967 4304 et
2005 4243 2404 4323 Apollinarem
2439 4243 2727 4322 aliosque,

498 4357 704 4412 contra
754 4347 1148 4428 Porphyrium
1201 4346 1627 4427 philosophum
1664 4345 1977 4426 scripsisse
2029 4364 2135 4424 pro
2181 4343 2557 4406 Christianis,
2605 4346 2729 4407 Non

561 4538 606 4586 1.
644 4538 761 4588 cod.
797 4538 1057 4598 ruendos„
1087 4537 1171 4586 nh.
1192 4522 1309 4594 'xv1,
1341 4536 1422 4586 nv.
1450 4535 1500 4593 v.
1532 4537 1628 4598 leg.
1659 4535 1690 4584 6
1719 4540 1769 4584 et
1796 4534 1875 4583 δι.
