3484 5650
1143 654 1514 717 QUAEsrlossss
1545 656 2077 707 PHILOSTORGIANAE.
2666 662 2727 711 19

569 778 744 857 Urget
765 776 1027 856 Jeepius,
1065 782 1146 846 et,
1179 775 1560 838 collationem
1586 773 1911 835 instituens
1934 773 2093 835 inter
2118 774 2416 836 Zosimum
2449 778 2723 859 (Eunapii

491 876 844 954 plerumque
890 874 1262 936 narrationes
1303 873 1405 935 ille
1460 871 1826 953 compilavit)
1871 878 1931 932 et
1976 872 2465 953 philostorgium,
2512 878 2727 940 asserit

489 971 786 1033 Zosimum
827 978 889 1032 et
928 971 1393 1051 philostorgium
1428 990 1498 1032 ex
1526 970 1738 1032 eodem
1780 968 1964 1039 fonte,
2006 988 2075 1031 ex
2117 970 2383 1051 Eunapio
2422 972 2723 1045 videlicet,

489 1070 760 1130 hausisse
801 1088 870 1130 ea
919 1087 1052 1149 quae
1108 1075 1364 1149 uterque
1422 1069 1606 1130 refert
1641 1068 1716 1129 de
1751 1066 1910 1129 caede
1942 1066 2140 1129 Rufini
2176 1088 2409 1130 necnon
2442 1070 2515 1132 de
2564 1073 2729 1134 caede

489 1167 777 1247 Eutropii.
818 1201 900 1213 —
939 1188 967 1227 ι(
1006 1167 1384 1247 philostorgii
1427 1166 1538 1243 (xi,
1581 1167 1642 1233 6)
1687 1165 1763 1227 de
1809 1164 2077 1245 Eutropii
2118 1166 2281 1227 exitu
2322 1169 2726 1232 narrationem

493 1266 698 1345 (quam
745 1266 820 1326 ab
861 1265 1000 1327 aliis
1044 1265 1386 1346 discrepare
1429 1265 1558 1346 ipse
1595 1262 2017 1325 animadvertit
2053 1263 2317 1343 photius)
2360 1282 2499 1326 cum
2521 1268 2725 1348 Jeepio

489 1382 562 1424 ex
589 1362 853 1443 Eunapio
884 1362 1140 1424 derivari
1178 1382 1356 1444 posse
1387 1382 1536 1443 nego
1581 1383 1636 1433 »,
1677 1361 1877 1441 inquit
1904 1360 2241 1422 Ludovicus
2268 1362 2678 1427 Mendelssohn
2704 1386 2720 1428 ε

496 1480 523 1520 (ι
558 1480 695 1521 nam
723 1467 785 1522 et
806 1480 985 1522 causa
1005 1462 1170 1523 exitii
1201 1462 1376 1541 plane
1407 1460 1640 1522 diversa
1677 1466 1769 1521 est
1803 1467 1865 1520 et
1896 1465 2163 1539 tempora
2192 1458 2553 1540 discrepant,
2588 1482 2727 1525 cum

492 1558 924 1639 philostorgius
949 1567 1087 1621 ante
1115 1560 1311 1621 Gainae
1350 1557 1784 1639 Trigibildique
1818 1557 2145 1619 tumultum
2190 1558 2540 1638 Eutropium
2564 1579 2731 1622 mor-

492 1665 666 1718 tuum
697 1662 933 1736 ponat¹.
983 1679 1010 1718 r
1057 1692 1140 1705 —
1165 1658 1484 1737 Subiungit
1523 1674 1664 1717 vero
1697 1654 1858 1716 idem
1892 1654 2226 1716 Ludovicus
2272 1657 2724 1719 Mendelssohn:

496 1774 524 1815 a
557 1756 770 1817 Contra
804 1755 866 1815 in
904 1756 1051 1836 ipsis
1097 1756 1294 1818 Gainae
1345 1753 1782 1835 Trigibildique
1818 1754 1998 1814 rebus
2028 1753 2343 1814 narrandis
2372 1754 2502 1816 fieri
2536 1763 2731 1836 potest

489 1860 560 1915 ut
586 1853 1016 1933 philostorgius
1046 1853 1108 1915 in
1140 1873 1376 1916 summa
1405 1872 1470 1915 re
1498 1852 1833 1931 Eunapium
1861 1858 2105 1913 secutus
2139 1851 2219 1912 sit
2251 1872 2277 1912 ι)
2298 1899 2312 1914 .
2352 1852 2504 1914 lllud
2529 1862 2730 1917 autem

491 1950 772 2031 equidem
806 1970 978 2032 nego.
1025 1953 1088 2013 In
1131 1952 1312 2013 Gaina
1343 1951 1506 2011 enim
1554 1968 1789 2022 summa
1824 1968 2028 2010 rerum
2064 1956 2301 2028 peracta
2331 1957 2423 2011 est
2448 1950 2733 2015 Constan-

491 2049 741 2129 tinopoli
775 2050 864 2128 (Α.
907 2050 969 2110 D.
1006 2049 1319 2129 594-400),
1365 2057 1425 2110 et
1464 2047 1844 2127 philostorgii
1884 2046 2148 2108 narratio
2185 2047 2491 2110 oculatum
2520 2056 2733 2112 testem

492 2146 724 2227 prodit:
778 2146 920 2214 Τοὺς
983 2148 1069 2207 ἐπ’
1121 2148 1216 2225 ἐμὲ
1275 2147 1666 2228 γεγενημένους
1728 2150 1955 2226 χρόνους
2018 2148 2260 2224 τοο-κύτη
2310 2146 2479 2228 φθορὰ
2518 2147 2735 2228 γέγονεν

492 2241 807 2325 ἀνθρώπων,
841 2244 976 2323 ὅσην
1006 2244 1178 2313 οὐδεὶς
1209 2250 1402 2327 χρόνος
1439 2245 1492 2315 ἐξ
1530 2244 1723 2311 αἰῶνος
1764 2243 1925 2324 ἐ’γνω,
1958 2245 2160 2304 κ.τ.λ.
2198 2245 2309 2323 (xl,
2342 2244 2489 2324 7-8).
2522 2246 2733 2317 lmm0‚

491 2342 652 2423 quod
671 2342 744 2403 ad
781 2361 909 2403 rem
933 2342 1128 2405 maius
1157 2350 1270 2415 est,
1308 2342 1704 2405 christianum
1729 2348 1946 2403 testem
1966 2341 2205 2421 prodit:
2232 2348 2433 2403 narrat
2452 2362 2733 2425 namque,

495 2460 636 2503 cum
689 2440 870 2501 Gaina
933 2425 1002 2502 ex
1046 2443 1180 2503 Asia
1235 2460 1509 2503 reversus
1569 2440 2139 2519 Constantinopolim
2208 2452 2499 2521 occupare
2560 2460 2739 2504 cona-

495 2546 686 2609 retur,
741 2539 826 2598 ὅτι
881 2538 1100 2621 οὐρανία
1151 2563 1234 2606 τις
1283 2538 1507 2606 ’ἔνοπλος
1557 2540 1879 2619 ἐπιφανεῖσαι
1937 2539 2232 2615 δύναμις...
2280 2537 2385 2617 τὴν
2431 2541 2587 2599 πόλιν
2636 2549 2741 2619 τῆς

495 2627 748 2704 ἁλώσεως
767 2636 968 2718 ῥύεται,
994 2638 1224 2704 ἐκείνους
1257 2638 1314 2695 δὲ
1341 2636 1682 2717 φωραθέντοις
1701 2646 1823 2703 ταῖς
1852 2631 2204 2715 ἀνθρωπίναις
2223 2636 2394 2703 δίκαις
2416 2638 2736 2697 ἐκδίδωσι...

496 2732 654 2795 Talia
697 2734 1034 2812 Eunapium
1085 2751 1388 2814 paganum
1440 2733 1692 2795 minime
1743 2732 2013 2813 sapiunt!
2069 2766 2151 2779 -
2192 2734 2269 2794 De
2313 2733 2509 2795 Rufini
2554 2733 2735 2805 caede,

496 2851 630 2912 quae
655 2832 1156 2912 Constantinopoli
1191 2835 1258 2894 A.
1297 2833 1414 2894 595
1445 2832 1717 2912 contigit,
1757 2831 1920 2894 haud
1968 2831 2048 2893 ita
2091 2832 2392 2893 consentit
2418 2832 2742 2895 philostor-

497 2929 636 3009 gius
669 2929 780 3009 (xl,
813 2931 875 3004 5)
905 2929 1138 2992 Zosimo
1179 2931 1265 3008 (V,
1306 2929 1362 3009 7)
1400 2937 1469 2992 ut
1501 2931 1666 2993 credi
1700 2930 1891 3011 possit
1933 2949 2002 2991 ex
2042 2929 2308 3010 Eunapio
2338 2949 2509 2991 suam
2541 2949 2745 2992 narra·

498 3024 722 3086 tionem
769 3025 1039 3086 hausisse
1077 3046 1091 3085 :
1145 3026 1208 3086 in
1263 3026 1359 3087 his
1417 3045 1448 3086 e
1496 3033 1701 3087 contra
1763 3025 2199 3104 philostorgius
2273 3026 2631 3106 locupletior
2686 3032 2745 3088 et

498 3121 795 3202 comptior
823 3123 1012 3184 multo
1045 3131 1135 3184 est
1167 3143 1348 3204 quam
1387 3124 1691 3193 Zosimus;
1729 3131 1791 3184 et
1836 3123 2054 3184 horum
2097 3123 2355 3185 libenter
2382 3123 2742 3184 crediderim

497 3219 960 3300 philostorgium
999 3222 1304 3283 oculatum
1334 3222 1601 3283 extitisse
1636 3229 1871 3291 testem,
1907 3220 2129 3281 nedum
2168 3240 2237 3281 ex
2275 3220 2391 3281 alio
2430 3221 2740 3282 materiam

499 3337 672 3379 suam
714 3318 897 3380 suerit
941 3326 1298 3380 mutuatus:
1355 3318 1644 3400 Εὖμήκης,
1703 3318 1926 3399 inquit,
1975 3324 2003 3376 ὂ
2060 3321 2347 3399 Ῥουφῖνος
2400 3310 2573 3396 ἧι...
2620 3323 2648 3376 ὸ
2688 3319 2744 3378 δὲ

509 3417 794 3496 Ἀρκάδιος
827 3415 1032 3497 βραχὺς
1053 3428 1134 3498 τῷ
1169 3417 1378 3497 μεγέθει
1406 3417 1497 3476 καὶ
1518 3419 1715 3484 λεπτὸς
1741 3417 1846 3497 τήν
1878 3414 2060 3486 ἕξιν...
2094 3415 2185 3474 καὶ
2217 3422 2281 3476 τὸ
2312 3427 2513 3497 χρῶμαι
2552 3415 2738 3495 μέλας,

500 3515 854 3592 κ.τ.λ.,ᾳυω
883 3513 943 3573 in
973 3513 1204 3574 Zosimo
1235 3534 1351 3575 non
1397 3521 1769 3594 comparent,
1799 3532 2052 3594 quaeque
2082 3514 2435 3593 scriptorem
2463 3514 2658 3575 Rufini
2684 3521 2744 3574 et

501 3609 739 3672 Arcadii
773 3611 1063 3690 {equalem
1093 3617 1153 3672 et
1177 3618 1388 3674 testem
1416 3612 1697 3692 produnt.

582 3707 742 3768 patet
769 3707 908 3770 inde
939 3727 1121 3789 quam
1147 3709 1300 3771 levia
1328 3709 1451 3771 sint
1478 3709 1761 3772 Ludovici
1788 3710 1929 3790 Jeep
1958 3719 2328 3791 argumenta.

585 3804 745 3866 {dem
787 3805 967 3868 etiam
1015 3808 1323 3869 contendit
1368 3808 1839 3888 philostorgium
1890 3809 2152 3888 plurima
2199 3829 2270 3871 ex
2324 3809 2744 3890 Olympiodoro

504 3902 797 3965 hausisse.
829 3905 902 3965 At
925 3904 986 3964 in
1020 3924 1086 3966 ea
1121 3905 1369 3984 quidem
1401 3905 1803 3986 olympiodori
1837 3914 2008 3986 parte
2040 3925 2221 3987 quam
2258 3906 2525 3970 Zosimus
2552 3925 2746 3969 excer-

503 4000 624 4080 psit
655 4000 1077 4082 (Olympiodori
1106 4004 1266 4064 enim
1290 4022 1443 4084 opus
1475 4004 1678 4084 periit)
1706 4004 2077 4084 gravissimae
2099 4004 2257 4066 inter
2280 4005 2744 4084 philostorgium

505 4102 565 4156 et
596 4097 1079 4178 olympiodorum
1131 4107 1272 4162 sunt
1313 4101 1752 4182 discrepantiae,
1798 4120 2125 4164 consensus
2175 4109 2376 4164 autem
2406 4123 2525 4164 non
2554 4102 2747 4163 maior

506 4212 686 4274 quam
720 4197 966 4276 quinon
993 4205 1184 4278 potest
1212 4218 1331 4260 non
1361 4200 1732 4264 intercedere
1770 4199 1927 4261 inter
1953 4200 2105 4262 duos
2138 4200 2459 4280 scriptores
2488 4200 2746 4281 aequales

505 4291 732 4353 eisdem
763 4294 836 4355 de
865 4295 1045 4357 rebus
1075 4297 1422 4360 scribentes,
1461 4299 1594 4360 Haec
1626 4297 1959 4359 Ludovicus
1986 4297 2451 4359 Mendelssohn2.
2477 4298 2563 4360 Ad
2591 4298 2744 4369 haec,

571 4433 618 4482 1.
649 4433 798 4493 112111..
829 4451 879 4500 p.
912 4436 1022 4486 255.

569 4503 614 4552 2.
653 4505 803 4564 mid„
837 4521 868 4570 p
915 4508 1025 4557 248.
